3530 5536
839 435 1032 490 ..g-

904 513 917 550 ι

342 641 514 700 summaque
526 641 593 681 oum
605 622 760 698 diligentia
771 621 917 680 orationes
931 621 1095 698 splendidis
1106 625 1137 679 et
1148 620 1279 678 exordiis
1294 625 1325 679 et
1339 621 1463 697 epilogis
1478 641 1530 678 ex·

342 730 494 786 ornabant.
518 726 619 804 itaque
642 725 702 784 iam
718 725 935 802 Antiphontem
957 725 1093 786 videmus
1116 724 1240 800 singulis
1263 725 1443 786 orationibus
1464 744 1531 802 pro·

342 831 438 891 oemia
452 830 647 908 praemisisse,
665 849 739 908 quae
750 830 838 888 facile
851 829 1057 888 discernuntur
1067 849 1085 887 a
1096 829 1221 907 reliquis
1233 829 1373 888 orationis
1387 829 1529 906 partibus,

343 941 431 1014 atque
446 935 478 994 in
494 935 536 994 eis
551 936 607 993 hoc
623 933 707 1012 sequi
722 934 886 1005 consilium,
907 938 941 992 ut
955 933 1069 992 iudices
1084 938 1114 992 et
1130 935 1233 992 doceat
1248 938 1278 992 et
1293 939 1422 994 moveat.
1433 932 1455 1010 ¹)
1471 935 1531 1013 Ly·

342 1042 416 1099 siam
430 1060 501 1101 vero
518 1040 663 1098 excellere
678 1042 742 1096 arte
757 1039 789 1096 in
804 1038 964 1114 praefando
981 1039 1130 1096 conlocata
1144 1037 1204 1096 iam
1219 1037 1381 1116 Dionysius
1397 1039 1531 1097 Halicar-

341 1145 496 1216 nassensis‚
509 1143 699 1219 gravissimus
711 1148 820 1216 auctor,
834 1142 1015 1214 observavit3
1024 1136 1049 1223 2)
1067 1163 1134 1200 nam
1146 1144 1216 1201 dum
1227 1147 1317 1218 negat
1327 1144 1415 1202 facile
1428 1148 1530 1220 aptum

343 1249 498 1308 exordium
518 1247 658 1321 inveniri,
682 1248 714 1305 in
729 1247 836 1326 Lysiae
855 1247 1014 1324 prooemiis
1037 1251 1151 1305 tantam
1170 1266 1231 1305 esse
1250 1247 1426 1307 varietatem
1447 1268 1532 1324 prae·

343 1354 429 1424 dicat,
451 1357 485 1409 ut
504 1352 687 1410 inducentis
708 1352 801 1409 causis
820 1351 1009 1409 iudicialibus
1028 1371 1065 1408 ne
1081 1351 1139 1408 duo
1155 1351 1275 1429 quidem
1289 1351 1439 1427 prooemia
1453 1352 1533 1410 inter

343 1477 373 1515 sc
386 1455 572 1516 conveniant.
582 1448 607 1532 ³)
623 1456 759 1516 venimus
771 1457 808 1513 ad
819 1457 990 1526 Isocratem,
1007 1455 1090 1513 cuius
1102 1474 1168 1513 cum
1180 1455 1326 1513 orationes
1338 1456 1374 1512 ad
1390 1455 1532 1514 iudiciale

342 1580 434 1636 genus
449 1559 631 1636 pertinentes
647 1559 769 1617 initium
784 1559 902 1636 capiant
913 1579 931 1616 a
941 1559 1090 1636 prooemio
1102 1558 1292 1616 mediocriter
1304 1563 1426 1617 extenso
1438 1578 1532 1637 eoque

342 1667 419 1722 locos
439 1665 580 1742 quosdam
600 1683 767 1722 communes
787 1663 967 1735 continente,
988 1663 1137 1722 contiones
1153 1663 1178 1721 si
1193 1681 1341 1738 comparas
1361 1682 1428 1720 oum
1446 1683 1531 1722 exor-

343 1767 401 1826 diis
420 1767 667 1840 Demosthenicis,
687 1767 839 1845 prooemia
857 1769 968 1826 habent
987 1767 1064 1826 iusto
1087 1767 1229 1842 longiora.
1252 1767 1353 1846 itaque
1372 1769 1532 1826 Isocratem

342 1873 373 1930 in
393 1874 551 1949 prooemiis
572 1873 768 1950 sophistarum
787 1893 900 1932 morem
919 1893 977 1930 non
997 1872 1159 1931 deseruisse
1174 1873 1376 1948 Hermogenes
1392 1873 1530 1944 ostendit,

342 1997 409 2036 cum
428 1978 585 2036 exordium
600 1977 810 2036 Demosthenis
831 1997 872 2035 or.
889 1977 968 2036 Phil.
983 1978 1000 2034 I
1020 1976 1146 2035 contulit
1161 1996 1227 2034 oum
1242 1976 1391 2052 prooemio
1411 1995 1453 2035 or.
1470 1978 1531 2034 Iso-

343 2082 451 2141 cratiae
459 2082 523 2150 Vl..
537 2082 619 2140 ouius
630 2083 667 2139 ad
680 2081 907 2140 similitudinem
918 2081 991 2139 illud
1004 2081 1106 2140 fictum
1118 2101 1180 2139 csse
1191 2081 1320 2142 videtur.
1329 2075 1355 2158 ⁴)
1372 2080 1533 2156 singularia

343 2181 624 2265 quaedam'deinde,
649 2188 728 2264 quod
748 2186 784 2244 ad
804 2186 893 2244 initia
912 2191 942 2244 et
961 2186 1162 2263 perorationes
1177 2185 1294 2258 attinet,
1319 2185 1433 2243 suntin
1448 2188 1531 2244 Isaeo

343 2290 415 2349 artis
431 2294 587 2366 praecepta
598 2310 656 2349 non
668 2310 828 2367 numquam
840 2291 1024 2365 neglegente.
1041 2289 1092 2367 qui
1107 2289 1258 2348 interdum
1273 2290 1456 2366 prooemium
1470 2310 1531 2348 om-

342 2395 413 2452 nino
426 2394 548 2463 omittit,
565 2394 716 2452 interdum
727 2393 855 2469 singulas
867 2394 1009 2452 orationis
1024 2398 1122 2471 partes
1137 2394 1295 2452 artificiose
1310 2395 1423 2466 miscet,
1440 2394 1484 2454 ita
1499 2399 1534 2452 ut

343 2499 471 2556 insolens
483 2499 610 2576 quodam
622 2500 707 2557 modo
720 2499 772 2556 fiat
783 2498 948 2557 exordium.
957 2493 981 2578 5)
997 2503 1029 2556 at
1044 2519 1101 2556 non
1117 2503 1232 2556 secutus
1248 2503 1293 2556 est
1307 2500 1383 2557 hanc
1399 2498 1532 2574 magistri

342 2604 487 2661 rationem
502 2604 726 2675 Demosthenes,
751 2602 802 2681 qui
822 2603 989 2677 religiosior
1008 2623 1096 2680 quam
1115 2608 1149 2662 ut
1168 2603 1240 2661 artis
1259 2608 1415 2680 praecepta
1434 2604 1532 2678 negle-

343 2728 412 2784 gere
432 2709 554 2766 auderet
572 2728 732 2786 numquam
751 2707 808 2766 nisi
828 2708 859 2765 in
876 2707 1085 2783 deuterologiis
1101 2727 1175 2785 quae
1190 2713 1332 2769 vocantur
1350 2707 1531 2785 prooemium

344 2812 453 2870 omisit.
462 2804 487 2892 6)
509 2831 575 2870 oum
591 2811 684 2886 igitur
698 2811 821 2869 exordia
836 2831 924 2888 quam
939 2811 1068 2870 maxime
1083 2816 1177 2870 artem
1191 2811 1370 2870 rhetoricam
1385 2811 1533 2869 desidora-

343 2922 419 2986 rent,
429 2911 453 2997 ⁷)
474 2921 576 2992 utpote
597 2936 671 2993 quae
691 2936 757 2974 cum
776 2936 809 2974 re
829 2915 901 2992 ipsa,
923 2918 960 2974 de
976 2936 1033 2992 qua
1052 2919 1202 2991 agebatur,
1224 2936 1281 2974 non
1297 2936 1331 2974 eo
1346 2936 1403 2994 quo
1419 2921 1534 2975 ceterae

449 3139 468 3203 ¹)
488 3138 527 3187 of.
547 3137 625 3187 Blass
643 3155 669 3203 p.
684 3141 741 3187 111.
947 3171 948 3174 κ

449 3225 469 3289 ²)
488 3226 600 3289 Dionys.
620 3225 653 3274 de
671 3225 732 3288 Lys.
752 3225 806 3274 iud.
825 3242 848 3276 c.
864 3227 903 3286 17,
922 3225 954 3274 oi.
974 3225 1051 3275 Blass
1069 3243 1094 3290 p.
1108 3227 1167 3274 396.

449 3313 468 3376 ³)
487 3313 570 3361 Miros
588 3313 670 3377 igitur
688 3328 736 3361 nos
754 3312 853 3361 habere
871 3314 962 3377 possit,
985 3313 1057 3377 quod
1074 3313 1172 3378 Lysiae
1190 3313 1275 3362 oratio
1293 3312 1440 3375 xxxnss,
1464 3327 1534 3376 quae

344 3414 399 3448 una
417 3401 474 3447 eius
493 3399 582 3447 contio
601 3398 635 3447 ad
654 3415 702 3447 nos
720 3400 851 3463 pervenit,
870 3405 943 3448 caret
961 3400 1105 3465 prooemio.
1132 3414 1225 3448 verum
1243 3400 1382 3449 contiones
1399 3399 1533 3448 interdum

344 3485 486 3550 prooemiis
509 3499 599 3534 carere
621 3489 774 3550 potuerunt,
797 3487 952 3550 praesertim
976 3487 998 3535 si
1020 3484 1068 3534 alii
1091 3491 1209 3535 oratores
1227 3490 1291 3534 ante
1309 3484 1392 3534 verba
1415 3485 1535 3535 fecerant

344 3577 390 3620 aut
403 3573 487 3620 oratio
500 3572 558 3636 ipsa
569 3571 658 3620 brevis
670 3571 728 3620 fuit.
752 3572 867 3621 similem
879 3573 908 3620 in
920 3572 1028 3621 modum
1040 3571 1205 3621 Andocidem
1224 3571 1346 3621 videmus
1364 3573 1393 3620 in
1412 3573 1534 3621 oratione

346 3658 378 3707 de
396 3673 463 3723 pace
481 3658 638 3707 brevissimo
656 3660 697 3707 uti
716 3658 832 3721 exordio,
851 3659 883 3708 cf.
902 3658 980 3708 Blass
998 3675 1023 3723 p.
1036 3660 1086 3707 442
1100 3675 1137 3723 sq.

449 3744 469 3809 ⁴)
490 3744 528 3794 of.
552 3745 679 3810 Hermog.
702 3743 757 3811 περὶ
781 3742 851 3794 ἰδεῶν
873 3745 952 3795 Rhet.
976 3745 1020 3795 Gr.
1040 3745 1084 3810 Sp.
1103 3746 1130 3794 Π
1149 3747 1208 3809 412,
1231 3748 1262 3794 21
1286 3761 1343 3810 sqq.
1366 3745 1434 3794 adde
1456 3744 1533 3794 Blass

345 3832 373 3880 11
394 3833 452 3880 265.

449 3919 470 3983 7)
489 3918 527 3968 cf.
549 3919 626 3968 Blass
646 3935 672 3983 p.
691 3920 741 3968 487
761 3935 798 3985 sq.

449 4005 470 4070 6)
490 4005 528 4054 Cf.
548 4005 624 4055 Blass
642 4005 685 4054 III
706 4008 728 4068 1,
752 4007 809 4054 189.

451 4091 471 4156 7)
490 4091 655 4140 Exordiendi
667 4108 765 4141 munus
777 4092 848 4141 haud
861 4093 972 4157 exiguas
990 4092 1124 4142 interdum
1143 4091 1314 4142 difficultates
1333 4093 1435 4142 adferre
1453 4094 1536 4142 verba

345 4179 417 4242 apud
440 4177 568 4243 populum
592 4178 702 4228 facienti
725 4177 803 4228 facile
826 4177 1003 4244 intellegitur.
1033 4194 1087 4244 qua
1104 4181 1133 4228 in
1151 4193 1180 4228 re
1198 4194 1307 4230 revoces
1325 4181 1354 4228 in
1372 4181 1535 4242 memoriam,

345 4281 415 4330 quae
437 4265 467 4314 L.
486 4266 607 4314 Licinius
630 4264 740 4314 Crassus
763 4265 795 4314 de
818 4279 846 4314 se
868 4267 925 4330 ipso
949 4270 1039 4315 narrat
1060 4265 1131 4331 apud
1150 4265 1307 4316 Ciceronem
1326 4267 1359 4316 de
1378 4271 1442 4316 orat.
1461 4267 1534 4329 126,

347 4354 404 4414 121,
427 4351 597 4401 exalbescere
615 4359 644 4400 se
667 4353 696 4400 in
718 4353 856 4417 principiis
875 4351 981 4400 dicendi
1003 4357 1084 4418 atque
1107 4354 1311 4402 contremiscere
1335 4352 1378 4419 (of.
1398 4354 1472 4402 Brut.
1491 4355 1533 4416 43,

348 4437 416 4502 158).
439 4439 511 4503 quod
528 4437 608 4503 longe
627 4453 704 4487 secus
723 4439 826 4488 eratin
843 4439 874 4486 L.
894 4438 1028 4504 Philippo,
1052 4438 1162 4488 homine
1180 4439 1208 4487 in
1226 4441 1319 4505 primis
1337 4440 1435 4488 diserto
1454 4443 1536 4504 atque

348 4524 461 4587 erudito,
484 4525 531 4590 qui
553 4526 592 4574 ita
614 4523 709 4574 solitus
733 4529 773 4574 est
795 4539 905 4590 surgere
923 4525 957 4574 ad
976 4525 1126 4589 dicendum,
1146 4523 1185 4575 ‘ut
1203 4527 1275 4591 quod
1292 4527 1407 4591 primum
1425 4526 1536 4575 verbum

345 4609 486 4660 habiturus
505 4616 582 4674 esset,
605 4608 738 4660 nesciret'.
767 4611 839 4676 quod
863 4611 892 4660 in
915 4626 947 4661 eo
966 4611 1046 4661 valde
1064 4605 1208 4662 admiratus
1227 4618 1267 4662 est
1284 4613 1417 4662 Antonius
1436 4612 1480 4677 (de
1498 4628 1534 4662 or.
1607 4647 1611 4654 .

345 4696 372 4748 II
391 4697 432 4760 78,
450 4699 509 4761 316,
528 4697 561 4749 cf.
580 4697 643 4749 ibid.
664 4698 706 4762 77,
725 4697 795 4764 315).
