3530 5536
712 483 924 537 ..95-

227 688 279 726 nec
305 669 460 747 quisquam
488 689 563 727 unus
591 688 645 727 nec
669 689 768 726 omnes
791 669 935 740 universi,
964 669 1014 746 qui
1037 689 1100 726 rem
1126 669 1273 745 publicam
1295 672 1411 744 regunt,

226 773 376 831 sufficiunt
403 773 519 831 luendis
546 773 648 849 poenis
670 775 770 847 legum
792 773 1065 849 corruptarum,'id
1089 774 1166 851 quod
1189 778 1269 830 recte
1292 774 1413 850 quidem

227 879 408 938 desideravit
427 879 580 948 Schaefer3
605 879 656 935 sed
677 879 701 937 si
720 878 930 936 Demosthenis
952 878 1091 955 loquendi
1113 897 1204 952 genus
1223 879 1354 955 respicis,
1378 899 1413 937 ea

226 983 372 1039 sententia
392 1001 450 1038 non
470 982 548 1038 inest
567 981 599 1039 in
619 982 667 1038 his
687 983 795 1041 verbis.
827 1001 895 1038 nam
916 974 1068 1057 ἀξιόχρεως
1087 1000 1154 1039 cum
1173 980 1325 1041 infinitivo
1345 1001 1412 1040 eon-

226 1087 367 1144 sociatum
387 1087 463 1161 apud
480 1087 712 1144 Demosthenem
731 1086 812 1143 idem
832 1087 912 1145 valet
932 1104 965 1143 ac
981 1084 1106 1159 dignus,
1128 1083 1190 1162 qui'
1206 1105 1247 1143 or.
1265 1090 1293 1156 3,
1314 1105 1339 1146 ιι
1359 1089 1413 1142 τῶν

227 1188 251 1246 δ’
263 1184 360 1247 ἀλλων
383 1186 493 1258 οὺδενδς
515 1187 592 1260 όντος
614 1185 752 1266 ἀξιόχρεω
774 1186 836 1266 περὶ
859 1193 912 1246 τῶν
931 1185 1071 1267 πρωτείων
1090 1189 1155 1262 ἡμῖν
1175 1184 1363 1260 ἀντιτάξασθαι
1382 1197 1414 1248 et

226 1315 267 1354 or.
283 1300 331 1366 19,
348 1313 387 1353 νοτ
403 1291 427 1351 οἱ
442 1292 596 1366 νομίζοντες
612 1292 707 1364 αὐτοὺς
722 1289 874 1371 ἀξιόχρεως
890 1287 959 1351 εἶναι
974 1295 1019 1350 τοῦ
1036 1291 1176 1352 Φιλίππου
1192 1287 1263 1363 ξένοι
1278 1290 1325 1350 καὶ
1340 1292 1414 1370 ρίλοι

225 1397 480 1477 προσαγορεύεσθαι,
504 1420 579 1476 quae
602 1400 778 1474 significatio
801 1405 918 1458 tantum
937 1401 1020 1457 abest
1042 1405 1076 1456 ut
1099 1399 1129 1456 in
1152 1401 1248 1457 locum
1270 1399 1412 1475 prooemii

226 1505 318 1575 cadat,
342 1509 375 1561 ut
396 1524 432 1561 ea
454 1504 582 1562 admissa
603 1504 713 1562 futtilis
736 1505 843 1563 evadat
866 1504 1012 1561 sententia
1035 1501 1130 1561 ‘nemo
1154 1504 1260 1578 dignus
1283 1509 1337 1574 est,
1361 1503 1413 1580 qui

225 1628 330 1684 poenas
350 1610 459 1684 pendat
479 1610 578 1682 legum
597 1606 822 1684 corruptarnm'.
853 1613 956 1665 contra
976 1608 1118 1677 conferas,
1140 1627 1227 1684 quem
1247 1608 1279 1664 in
1294 1608 1414 1666 modum

226 1712 371 1787 significet
387 1731 516 1769 summus
532 1717 631 1769 orator
645 1711 781 1770 sufficere
796 1712 912 1769 luendis
928 1710 1044 1786 poenis:
1066 1729 1108 1768 or.
1127 1713 1177 1780 91,
1198 1728 1225 1768 so
1242 1709 1336 1782 ἥντινα
1351 1708 1414 1781 δοὺς

227 1813 303 1888 δίκην
323 1811 401 1886 ἀξίαν
422 1815 497 1874 ἔσται
512 1813 651 1891 δεδωκώς,
672 1817 744 1874 ibid.
761 1814 777 1892 S
794 1821 833 1874 99
850 1811 874 1872 εἰ
889 1808 943 1891 γὰρ
959 1812 1050 1887 ἀτιμία
1065 1809 1112 1871 καὶ
1129 1859 1136 1872 .
1155 1859 1161 1872 .
1179 1805 1283 1870 ἐκείνου
1298 1813 1414 1888 τάδική-

226 1938 310 1992 ματος
325 1920 496 1997 προσήκουσά
513 1918 566 1977 ἐστι
583 1917 655 1996 δίκη,
673 1941 714 1979 or.
730 1925 779 1991 94,
798 1940 834 1978 101
852 1916 914 1989 δοδς
930 1914 1007 1990 ἀξίαν
1024 1917 1112 1996 δίκην,
1128 1921 1200 1978 ibid.
1217 1918 1233 1996 S
1248 1923 1307 1978 107
1322 1916 1371 1977 τίν’
1381 1921 1413 1977 ἀν

226 2018 303 2094 ἀξίαν
319 2022 394 2097 δοίης
410 2020 486 2099 δίκην
501 2025 519 2096 ἢ
534 2022 560 2081 τί
574 2022 604 2081 σθ
618 2021 712 2081 παθὼν
729 2021 761 2081 ἀν
777 2022 811 2080 τὰ
825 2023 986 2102 προσήκοντ’
997 2020 1055 2095 εἴης
1069 2023 1220 2100 πεπονθώς,
1236 2024 1309 2083 ibid.
1322 2022 1337 2101 §
1352 2030 1412 2084 113

226 2126 338 2186 δώσουσι
359 2123 435 2202 δίκην
457 2123 544 2206 ἀξίαν,
565 2149 606 2186 ον.
627 2135 675 2198 19,
698 2147 736 2186 ιιι
754 2125 780 2184 τί
797 2127 929 2197 παθόντες
950 2129 981 2185 ἀν
998 2125 1023 2186 οἱ
1037 2127 1136 2185 τούτων
1152 2125 1229 2185 αἴτιοι
1244 2127 1293 2200 τὴν
1308 2128 1413 2205 προσή-

225 2251 323 2292 νιουοαν
340 2229 416 2306 δίκην
432 2229 586 2302 δεδωκότες
602 2225 670 2309 είεν;
692 2234 827 2291 inaudita
843 2239 887 2291 est
907 2253 951 2309 pr.
970 2237 1020 2303 49,
1037 2252 1049 2290 3
1064 2231 1113 2305 τὴν
1130 2230 1234 2306 ἀπάτην
1250 2232 1413 2311 κυριωτέραν

225 2333 343 2410 οἰόμενοι
356 2333 410 2393 δεῖν
423 2329 492 2393 εἶναι
503 2340 553 2410 τῆς
569 2335 639 2409 μετὰ
649 2341 696 2395 τοῦ
710 2336 809 2415 χρόνου
826 2334 944 2408 βασάνου
955 2340 1114 2397 verborum
1126 2337 1298 2413 compositio
1313 2336 1331 2410 ἡ
1345 2335 1414 2409 μετὰ

224 2443 269 2498 τοῦ
288 2442 388 2518 χρόνου
408 2438 536 2513 βάσανος.
569 2462 636 2500 nam
656 2436 775 2513 βάσανος
794 2447 825 2499 et
844 2437 958 2514 βάσανοι
979 2442 1122 2511 omnibus,
1147 2446 1291 2517 quotquot
1310 2447 1414 2500 extant

224 2547 300 2623 apud
309 2547 542 2604 Demosthenem
549 2551 580 2604 et
591 2566 696 2606 verum
708 2551 738 2603 et
749 2552 946 2622 personatum,
959 2545 1030 2603 locis
1041 2548 1078 2602 ad
1092 2547 1269 2622 torquendos
1281 2546 1414 2603 homines

226 2652 385 2726 pertinent.
417 2655 547 2708 ceterum
567 2652 645 2708 locus
665 2651 751 2708 fictus
768 2670 830 2708 esse
846 2650 968 2710 videtur
983 2651 1018 2706 ad
1040 2652 1210 2725 exemplum
1228 2650 1413 2709 huiusmodi

225 2757 367 2813 locorum:
384 2774 426 2812 or.
441 2759 490 2831 23,
508 2773 533 2812 os
550 2750 610 2828 σὐχὶ
622 2751 719 2823 καλῶς
732 2753 806 2830 έχειν
818 2752 878 2826 ὑμῖν
890 2753 1009 2829 ἡγοῦμαι
1025 2752 1072 2824 τὴν
1085 2751 1185 2829 ἑτέρων
1197 2751 1302 2828 ἀπάτην
1313 2773 1414 2830 κυριω-

224 2857 304 2934 τέραν
315 2856 476 2932 ποιήσασθαι
488 2862 536 2931 τῆς
553 2856 686 2935 ὑμετέρας
702 2856 788 2915 αὐτῶν
804 2858 918 2933 γνώμης
933 2863 964 2914 et
979 2877 1021 2915 or.
1036 2862 1085 2928 91,
1104 2877 1140 2915 rar
1156 2855 1220 2915 οῐνδὲ
1234 2857 1279 2915 τόν
1294 2858 1415 2934 παρόντα

225 2962 316 3039 ιιαιρδν
338 3007 344 3018 .
363 3004 371 3020 .
391 2963 577 3040 κυριώτερον.
596 3006 603 3020 .
619 2964 664 3020 τοῦ
686 2961 787 3031 παντός
805 3007 810 3018 .
829 2962 952 3039 ,χρόνου
975 2961 1136 3032 ποιήσασθαι
1161 2957 1214 3042 (sc.
1231 2957 1286 3041 δ’ῐ)
1310 2965 1348 3021 al.
1372 2996 1414 3005 -

226 3087 269 3142 pr.
287 3072 338 3138 41,
360 3087 373 3124 4
394 3066 422 3123 ἐν
438 3059 460 3143 ᾧ
475 3063 560 3124 τοίνυν
577 3065 594 3139 ἡ
610 3065 678 3144 τόχη
696 3064 831 3124 διαλείπει
847 3062 969 3135 καὶτοὺς
986 3062 1099 3144 ἐχθροὺς
1116 3063 1220 3142 ἀνέχει,
1240 3070 1294 3124 τῶν
1309 3065 1414 3124 λοιπῶν
1505 3085 1508 3091 ·

227 3169 411 3244 ἐπιμελήθητε
431 3172 504 3230 illud
526 3168 661 3229 διαλείπει
676 3173 739 3230 vim
758 3174 847 3230 habet
868 3170 1044 3229 contrariam
1064 3171 1187 3242 notioni,
1209 3191 1285 3249 quae
1302 3192 1336 3228 eo
1352 3174 1414 3229 loco

225 3277 399 3351 postulatur.
416 3296 484 3333 nam
496 3277 520 3333 si
532 3276 651 3334 fortuna
662 3277 762 3334 hostes
774 3280 873 3333 arceat
884 3280 1000 3350 oportet
1013 3267 1088 3354 (τοὺς
1100 3272 1213 3351 ἐχθροὺς
1226 3270 1345 3354 ἀνέχει),
1358 3295 1415 3332 nou

226 3380 425 3438 intermittere
445 3382 545 3450 debet;
569 3377 717 3437 διαλείπειν
737 3385 837 3437 antem
858 3384 903 3437 est
918 3379 1126 3447 intermittere,
1147 3379 1185 3436 cf.
1202 3398 1244 3437 or.
1262 3384 1289 3449 9,
1311 3398 1350 3450 ⁵03
1372 3399 1414 3437 or.

227 3489 276 3555 90,
290 3505 316 3554 ιι;
331 3477 400 3566 (lor.
415 3477 476 3566 47],
490 3504 528 3556 τις
542 3478 595 3567 [or.
611 3477 672 3566 59],
686 3505 724 3555 νιι;
739 3478 791 3566 [οι.
806 3476 868 3566 58],
880 3479 932 3564 so).
956 3485 1006 3541 sed
1018 3485 1049 3544 h.
1062 3485 1081 3540 l.
1095 3483 1126 3540 in
1137 3483 1223 3541 libris
1233 3484 1337 3541 lacuna
1349 3485 1415 3542 sub·

226 3608 288 3646 esse
302 3588 436 3659 videtur3
454 3590 577 3661 excidit,
594 3590 652 3647 nisi
668 3591 763 3661 fallor,
780 3589 899 3664 negatio
916 3585 954 3662 μὴ
970 3593 1034 3664 post
1049 3581 1158 3668 clm)
1186 3608 1274 3664 quam
1290 3589 1313 3646 si
1329 3589 1415 3646 resti-

226 3693 328 3764 tueris,
345 3695 441 3751 locum
453 3695 493 3752 sic
506 3694 725 3770 interpreteris:
743 3695 813 3751 dum
826 3694 919 3767 igitur
933 3694 1053 3750 fortuna
1064 3713 1122 3748 non
1136 3692 1309 3750 intermittit
1323 3698 1415 3751 arcet-

226 3816 282 3872 que
298 3799 406 3867 hostes,
424 3798 455 3854 in
470 3799 594 3875 reliquis
609 3800 696 3856 rebus
712 3817 812 3855 curam
827 3797 929 3874 ponite
942 3817 979 3854 sc.
992 3797 1025 3854 in
1040 3799 1135 3866 rebus,
1153 3815 1227 3872 quae
1242 3800 1276 3854 ut
1288 3797 1416 3855 Senecae

226 3905 292 3957 utar
307 3901 406 3958 verbis
423 3901 474 3980 (de
489 3904 570 3962 brev.
587 3901 642 3961 vit.
662 3907 711 3973 10,
728 3894 754 3983 a)
771 3906 857 3959 extra
872 3921 996 3975 regnum
1010 3901 1146 3958 fortunae
1162 3902 1322 3958 subductae
1338 3907 1415 3959 sunt,

226 4004 417 4078 significatur,
442 4013 475 4062 ut
497 4005 627 4075 videtur,
653 4001 783 4082 εἰσφέρειν
806 4011 905 4063 cetera
925 4005 988 4063 eius
1008 4006 1098 4062 modi.
1130 4006 1203 4062 haec
1225 4005 1414 4075 coniciebam,

226 4113 382 4185 propterea
397 4109 475 4184 quod
491 4109 614 4167 Reiskio
629 4110 774 4167 adsentiri
789 4129 847 4166 non
867 4114 998 4185 poteram
1016 4109 1058 4166 sie
1079 4109 1287 4184 interpretanti
1303 4107 1330 4180 ‘tl
1346 4107 1415 4183 τίχη

226 4213 421 4271 interstitium
437 4214 519 4291 quasi
535 4215 682 4291 quoddam
697 4214 770 4272 facit
786 4214 817 4271 in
833 4233 885 4271 nos
901 4207 1103 4293 saeviendi'.²)
1134 4213 1260 4270 offendit
1275 4233 1318 4288 pr.
1336 4217 1386 4284 59,
1404 4233 1415 4270 1

333 4401 352 4466 ¹)
372 4400 413 4450 cf.
426 4400 519 4464 Cobet,
538 4402 612 4450 Misc.
626 4403 683 4452 crit.
697 4419 721 4466 p.
735 4404 768 4450 39
782 4417 829 4467 sq,
848 4402 894 4451 ubi
907 4402 948 4451 vir
960 4401 1148 4465 sagacissimus
1164 4399 1258 4450 eadem
1272 4401 1415 4465 negatione

227 4490 351 4538 restituta
368 4487 457 4538 locum
476 4490 582 4538 sanavit
600 4504 636 4538 or.
656 4491 680 4550 9,
700 4505 732 4538 ιι.

332 4575 352 4640 ²)
372 4571 463 4624 Wolfii
480 4576 666 4638 interpretatio
685 4572 757 4625 ‘dum
777 4577 859 4641 igitur
880 4575 989 4624 fortuna
1007 4578 1093 4624 cessat
1112 4579 1139 4623 et
1157 4575 1279 4623 inimicos
1297 4573 1415 4624 extollit:

226 4662 390 4728 reliquarum
403 4677 491 4712 rerum
505 4675 596 4711 euram
609 4659 747 4727 suscipite'
765 4663 799 4711 ab
818 4677 869 4711 usu
887 4661 994 4710 dicendi
1011 4660 1149 4724 abhorret;
1168 4677 1230 4712 nam
1250 4657 1342 4729 ἀνέχειν
1359 4658 1415 4718 τοὺς

226 4748 356 4819 πολεμίους
376 4757 416 4802 est
434 4752 575 4813 sustinere,
593 4750 719 4800 cohibere
737 4750 836 4811 hostes,
855 4765 909 4799 non
928 4748 1066 4799 extollere.
