3530 5536
666 511 882 566 „33-

280 703 346 760 Iam
358 702 430 779 quid
443 701 632 759 statuendum
644 702 680 758 de
692 699 867 777 prooemiis?
879 703 944 777 pius
957 701 1031 756 duae
1044 700 1172 777 syllabae
1185 700 1290 758 breves
1303 716 1370 757 oon-

174 806 310 864 tinuatae
324 807 358 864 in
373 807 421 864 his
435 799 673 886 reperiuntur21)
695 827 738 883 pr.
758 811 786 878 1,
802 826 815 864 a
830 802 907 863 οὐδὲν
924 805 956 861 ἂν
973 802 1039 880 ἔδει,
1056 804 1129 862 ibid.
1146 801 1161 880 ξ
1177 797 1199 861 4
1215 801 1270 860 ἐστι
1286 821 1371 879 ρενα-

174 906 271 985 κίζειν,
291 931 337 986 pr.
355 915 383 981 2,
400 930 413 968 2
432 906 473 980 τίς
492 910 524 966 ἂν
544 908 596 987 ὑφ’,
616 909 690 968 ibid.
706 908 722 986 g
739 915 756 968 3
779 909 848 982 μήτε
863 908 946 986 παρά,
970 903 1027 987 (pr.
1047 912 1073 980 7,
1090 927 1117 966 e:
1137 928 1185 966 ex.
1202 927 1244 966 or.
1261 909 1371 965 XIIII.

176 1009 285 1070 δύναιτό
299 1033 324 1070 τι
332 1008 356 1093 ²)
373 1007 504 1090 διδάξαι),
526 1035 569 1091 pr.
588 1019 616 1085 8,
634 1035 659 1072 1:
681 1035 728 1072 ex.
746 1034 788 1072 or.
805 1015 890 1072 XVI.
907 1009 961 1090 γὰρ
977 1011 1022 1089 ἀφ’
1031 1011 1178 1090 ἑκατέρων,
1187 1009 1210 1086 3)
1230 1031 1274 1088 pr.
1294 1016 1343 1082 12,
1361 1029 1372 1067 1

175 1119 296 1176 ποιοῦσιν
313 1116 387 1194 ἔνιοι,
407 1139 452 1194 pr.
472 1122 520 1189 14,
537 1117 672 1196 εόστερον
689 1117 783 1195 ἔχητε,
800 1139 844 1194 pr.
863 1121 912 1189 15,
929 1137 942 1176 s
956 1116 1097 1194 πράγμασι
1113 1114 1282 1192 συνειθίσθαι,
1298 1115 1372 1174 ibid.

177 1217 364 1297 ἐξηπατηκόσι
375 1226 521 1300 προσῆκεν,
533 1244 577 1300 pr.
594 1229 642 1295 18,
656 1243 667 1281 1
678 1222 805 1298 πεισθῆτε
816 1223 893 1291 πάνυ,
910 1243 955 1299 pr.
971 1227 1020 1294 19,
1033 1242 1045 1279 1
1058 1222 1128 1295 μήτε
1138 1217 1189 1278 τισὶ
1200 1218 1373 1298 χαρίσασθαι,

175 1327 251 1384 ibid.
270 1325 286 1403 ξ
303 1332 321 1385 2
338 1324 477 1405 ὰμρότερα
493 1320 538 1386 διὰ
554 1325 691 1405 βραχέων,
713 1349 757 1406 pr.
776 1333 825 1399 21,
843 1347 855 1386 e
871 1321 987 1396 δόξαντα
1002 1326 1082 1401 μετά,
1099 1346 1143 1403 pr.
1162 1330 1211 1397 22,
1228 1346 1241 1384 a
1256 1343 1315 1382 τινα
1328 1325 1372 1400 τά,

176 1451 221 1506 pr.
241 1435 322 1502 24,1
342 1429 376 1487 τὰ
393 1428 485 1488 δίκαια
500 1430 575 1509 ὑπέρ,
595 1453 639 1509 pr.
658 1437 708 1504 25,
725 1452 738 1490 e
756 1429 842 1508 λόγον
862 1429 983 1507 ὑπέχειν,
1003 1451 1048 1507 pr.
1067 1435 1116 1502 27,
1135 1451 1159 1488 1:
1182 1451 1229 1488 ex.
1247 1451 1288 1488 or.
1305 1431 1372 1488 XV.

179 1532 335 1609 ἐγνωκότες
351 1533 457 1612 ἔμοιγε,
465 1531 489 1616 4)
507 1556 551 1613 pr.
567 1541 616 1608 29,
633 1556 646 1595 e
661 1538 742 1594 πόνον
758 1533 961 1612 ὑπομείναντες,
977 1556 1021 1611 pr.
1040 1539 1090 1605 31,
1109 1555 1120 1592 1
1137 1533 1224 1591 ἔθεσιν
1241 1532 1374 1610 ἐπιτιμᾶν,

178 1659 224 1714 pr.
240 1643 291 1711 32,
308 1639 437 1717 νπότερό
452 1639 524 1717 καθ’,
540 1662 584 1716 pr.
599 1645 649 1712 33,
666 1661 679 1700 a
695 1639 765 1714 μετὰ
781 1636 850 1721 dist)
866 1661 909 1716 pr.
925 1644 975 1710 34,
992 1660 1004 1698 a
1019 1637 1120 1716 θέατρα
1135 1636 1376 1715 προκαταλαμβα-

179 1742 292 1817 νόντων,
313 1744 386 1803 ibid.
403 1741 419 1820 ᾖ
435 1749 454 1802 4
469 1743 518 1802 τιν’
529 1740 592 1825 ἄνθ)
608 1743 731 1825 ὑποψίαν,
753 1767 798 1822 pr.
816 1750 856 1804 40
874 1766 885 1803 1
902 1741 990 1801 οἴεσθε
1005 1741 1125 1818 πόλεως,
1142 1763 1185 1818 pr.
1203 1747 1254 1814 41,
1272 1763 1284 1801 a
1300 1739 1378 1799 ἀλλὰ

180 1845 246 1917 θεός
266 1846 290 1920 ό,
312 1848 385 1906 ibid.
402 1846 417 1924 ξ
434 1853 451 1906 3
473 1848 556 1906 ἕνεκα
571 1849 683 1926 χάριτος
704 1847 799 1926 ἐνίους,
820 1869 865 1926 pr.
882 1853 933 1920 49,
950 1869 963 1906 a
983 1842 1147 1917 ἐξετάσαντα
1161 1845 1254 1923 πόλιν,
1274 1844 1308 1902 ἵν’
1319 1844 1377 1924 ἐὰν,

180 1952 257 2011 ibid.
274 1950 289 2028 ξ
305 1957 324 2010 4
341 1952 441 2028 γε’γσνε
455 1950 551 2031 λόγου,
571 1975 616 2030 pr.
634 1958 684 2025 53,
701 1973 713 2011 1
729 1953 829 2030 γέγονε
844 1953 928 2031 παρά,
948 1953 1021 2010 ibid.
1038 1950 1053 2028 ξ
1071 1957 1088 2009 3
1105 1948 1159 2028 γὰρ
1174 1949 1288 2029 ὀλίγων,
1304 1952 1377 2009 ibid.

180 2053 196 2131 §
207 2061 224 2113 6
239 2055 376 2132 τέτταρσιν
389 2055 509 2130 ὀβολοῖς,
521 2077 565 2133 pr.
577 2062 648 2128 54,1
660 2056 774 2134 γε’γονεν
788 2055 944 2134 ἐπιμέλεια,
956 2057 1028 2114 ibid.
1041 2055 1142 2130 γε’γονε
1154 2053 1239 2131 καλό,
1252 2075 1295 2132 pr.
1307 2059 1356 2124 55,
1367 2073 1380 2111 ι

181 2159 303 2236 πρόεισιν
319 2158 349 2228 ’ός
365 2157 397 2215 όιν
412 2155 498 2235 ἄξιος,
514 2182 558 2236 pr.
573 2165 622 2232 56,
639 2181 651 2219 a
667 2160 681 2217 ό
696 2180 762 2218 τισιν
777 2158 852 2237 ἰ’σως,
868 2161 941 2218 ibid.
957 2159 1059 2237 πότερα
1075 2157 1229 2237 δικαιότερ’,
1245 2159 1319 2216 ibid.
1332 2156 1347 2234 ξ
1360 2163 1379 2216 4

183 2261 299 2341 θόρυβον
312 2261 510 2342 ἀποκρίνεσθαι.
536 2268 613 2343 quod
629 2266 702 2325 ibid.
715 2264 731 2343 §
745 2271 761 2324 2
778 2267 921 2325 librorum
936 2285 1079 2324 consensu
1094 2265 1222 2323 traditur
1237 2260 1304 2319 αὐτὰ
1318 2257 1379 2319 καθ’

184 2366 281 2444 ἑαυτά,
297 2389 382 2426 nemo
398 2390 456 2427 non
471 2370 556 2429 videt
570 2371 756 2447 pronuntiari
772 2391 856 2447 posse
873 2367 939 2427 αὐτόι
954 2368 1016 2426 καθ’
1026 2368 1102 2427 αὑτό.

292 2473 424 2536 Quorum
439 2475 569 2532 Iocorum
582 2475 606 2532 si
623 2495 766 2532 summam
778 2475 851 2532 iacis
864 2480 953 2553 atque
965 2474 1119 2532 contendis
1132 2495 1198 2534 cum
1208 2474 1380 2543 sectionum,

185 2597 259 2654 quas
274 2578 392 2636 Bekker
407 2579 555 2651 distinxit,
577 2599 709 2649 numero,
730 2581 785 2637 hoo
801 2579 944 2637 efficitur:
967 2580 998 2636 in
1015 2581 1188 2638 CLXXVII
1205 2578 1383 2636 sectionibus

186 2681 482 2759 duodequadragiens
501 2685 567 2767 pius
587 2685 658 2741 duas
676 2685 800 2762 syllabas
821 2686 925 2744 breves
941 2683 1118 2741 continuari.
1150 2702 1217 2741 cum
1236 2683 1330 2756 igitur
1346 2682 1382 2738 de

186 2786 321 2843 exordiis
334 2787 498 2845 orationum
511 2789 738 2846 aDemosthene
749 2789 918 2846 habitarum
931 2787 1080 2862 cognitum
1093 2787 1133 2845 sit
1145 2787 1176 2844 in
1189 2786 1267 2844 senis
1279 2786 1382 2844 sectio-

187 2890 276 2947 nibus
296 2892 386 2948 semel
409 2892 473 2949 fere
494 2892 525 2948 in
545 2911 581 2950 ea
599 2912 632 2949 re
655 2893 780 2969 peccari,
805 2893 837 2948 in
856 2893 1013 2969 prooemiis
1034 2894 1124 2949 semel
1147 2891 1333 2968 delinquitur
1353 2891 1384 2946 in

188 2994 369 3053 sectionibus
388 2996 450 3054 fere
467 2996 627 3074 quaternis.
658 2997 719 3054 iam
734 3016 801 3054 oum
815 3016 862 3053 res
878 2996 920 3054 ita
936 3017 967 3054 se
986 2997 1103 3068 habeat,
1125 3016 1162 3054 ne
1177 2996 1249 3055 hinc
1265 2995 1386 3073 quidem

189 3099 261 3157 satis
280 3099 398 3157 firmum
413 3105 619 3174 argumentum
639 3101 701 3176 peti
716 3105 822 3176 potest,
843 3105 877 3158 ut
892 3101 1042 3176 prooemia
1057 3101 1088 3158 in
1104 3101 1277 3160 universum
1292 3119 1310 3156 a
1324 3100 1384 3156 De-

189 3206 345 3262 mosthene
360 3205 571 3264 abiudicemns.
602 3210 733 3263 ceterum
748 3206 804 3263 hoc
819 3205 911 3263 nolim
927 3205 1058 3280 ignores:
1079 3207 1174 3264 XXX
1189 3203 1348 3282 prooemia,
1359 3197 1384 3282 7)

190 3308 349 3366 dimidiam
368 3309 499 3370 universi
522 3310 638 3367 numeri
662 3314 776 3384 partem
800 3311 912 3367 duobus
935 3315 1059 3381 auctam,
1085 3329 1184 3367 carcre
1208 3310 1259 3366 iila
1278 3307 1387 3366 vitiosa

189 3413 327 3472 brevium
340 3415 518 3491 syliabarum
531 3414 729 3484 concursione,
747 3415 778 3471 in
791 3434 848 3491 qua
860 3414 1045 3472 admittenda
1062 3414 1220 3490 praecipua
1232 3432 1294 3470 esse
1308 3411 1386 3470 vidi-

191 3536 258 3574 mus
273 3537 317 3592 pr.
336 3522 363 3588 1,
382 3521 409 3588 2,
429 3521 478 3588 15,
498 3522 546 3588 19,
565 3521 615 3588 34,
630 3522 680 3589 41,
698 3522 748 3589 49,
768 3522 818 3588 53,
837 3521 887 3589 54,
906 3521 956 3575 56.

301 3826 321 3892 1)
340 3827 401 3876 Non
420 3828 486 3877 mihi
503 3828 630 3877 videntur
648 3827 683 3877 ad
700 3827 771 3877 hanc
783 3844 839 3878 rem
857 3830 992 3894 pertinere
1011 3845 1048 3894 pr.
1063 3830 1128 3891 24,a
1149 3824 1225 3894 ἕτεροί
1237 3842 1306 3892 τινες,
1325 3826 1389 3875 ibid.

194 3911 266 3981 λόγοι
284 3911 340 3980 περ(
357 3915 441 3964 ceteri
458 3914 537 3964 haina
555 3916 663 3978 generis
680 3914 742 3964 loci.
767 3915 829 3964 vide
848 3917 928 3965 etiam
947 3931 985 3980 pr.
999 3917 1040 3976 21,
1060 3933 1083 3977 ι,
1103 3917 1144 3977 24,
1162 3931 1188 3977 ⁴3
1206 3915 1248 3976 49,
1267 3930 1286 3963 a.

300 4001 320 4065 ²)
340 4017 363 4050 τι
381 3997 445 4064 ΥΩ,
462 4017 499 4058 τις
518 3999 546 4060 Σ,
569 4005 600 4050 ut
618 4001 732 4064 videtur,
757 4006 785 4050 et
802 4001 894 4066 vulgo.
930 4003 959 4050 in
982 4017 1019 4051 or.
1038 4002 1126 4051 XIIII.
1146 4001 1254 4050 exordio
1277 4000 1391 4050 traditur

197 4085 291 4138 δύναιτο
311 4085 405 4146 διδάξαι
423 4090 520 4138 omisso
539 4090 698 4154 pronomine
716 4105 745 4146 τι,
766 4089 837 4153 quod
856 4089 947 4155 probo.

301 4175 322 4240 ³)
341 4175 414 4224 Idem
434 4176 463 4224 in
481 4191 518 4224 or.
531 4175 604 4227 XVI.
618 4175 726 4225 exordio
745 4175 800 4241 legi
818 4176 941 4226 vidimus.

301 4261 322 4329 ⁴)
340 4262 372 4311 In
390 4277 427 4312 or.
441 4263 500 4313 XV.
513 4262 631 4313 exordio.
644 4267 696 4312 est:
716 4259 846 4329 ἐγνωκότες
866 4279 915 4328 μοι.

302 4349 322 4412 ⁵)
342 4349 459 4412 Dindorf
474 4348 679 4412 Schaefarum†
697 4352 806 4398 secutus
824 4345 850 4396 δὲ
867 4350 970 4412 omisit,
989 4364 1082 4398 verum
1095 4353 1168 4398 recte
1181 4350 1264 4399 ceteri
1277 4349 1393 4399 editores

199 4439 271 4484 stant
288 4449 305 4484 a
322 4440 397 4501 parte
416 4435 554 4486 librorum.

302 4520 323 4587 ὓ)
342 4521 383 4572 Ex
402 4522 534 4587 probabili
553 4522 690 4572 Schaeferi
709 4523 871 4572 coniectura.
891 4523 924 4572 cf.
939 4540 963 4587 p.
977 4523 1011 4570 24
1029 4522 1091 4571 adn.
1106 4524 1129 4572 1.

303 4608 325 4674 ⁷)
344 4609 413 4659 Sunt
425 4613 515 4658 autem
529 4625 567 4674 pr.
581 4611 610 4657 3:
630 4623 671 4658 ex.
685 4624 720 4661 or.
734 4609 764 4670 I.,
782 4611 808 4672 4,
827 4613 852 4672 5,
871 4611 893 4670 6,
914 4611 928 4658 9
947 4607 1066 4674 (egregie
1080 4607 1271 4674 numerosum),
1293 4610 1332 4670 10,
1353 4610 1393 4666 11,

202 4697 233 4744 13
252 4693 297 4761 (de
315 4695 366 4745 hoc
384 4695 455 4745 idam
474 4695 548 4761 quod
567 4695 600 4745 dc
619 4711 689 4745 nono
702 4696 795 4760 valet),
817 4698 856 4758 16,
877 4698 917 4760 17,
935 4698 977 4758 20,
997 4697 1038 4758 23,
1057 4697 1099 4759 26,
1119 4697 1160 4757 28,
1181 4697 1223 4758 30,
1237 4697 1278 4758 35,
1292 4697 1334 4756 36,
1353 4696 1396 4757 37,

201 4784 916 4848 mmmmmmmummmm

252 4876 391 4924 Swobodu,
405 4876 437 4916 De
451 4876 563 4916 Demosth.
572 4887 667 4925 prooem.
1225 4871 1240 4917 3
