3530 5536
822 435 1029 488 ..72-

334 623 433 698 paucis
450 641 607 697 exponere.
640 627 742 678 netum
758 625 803 677 est·
824 625 932 696 quanto
954 640 1040 696 opere
1062 621 1092 677 in
1113 621 1294 677 orationibus
1310 621 1522 678 Demosthenes

334 728 483 783 fortunam
499 725 611 784 civium
624 744 742 782 suorum
755 724 880 782 aliarum
893 724 1062 783 civitatium
1077 725 1212 782 fort-unae
1228 724 1283 782 sibi
1300 725 1522 800 praeferendam

334 829 431 888 videri
445 831 567 888 dixerit.
591 831 673 887 euius
685 829 728 886 rei
742 830 812 886 satis
825 835 869 886 est
881 849 973 886 unum
985 830 1118 887 attulisse
1131 831 1308 904 exemplum,
1322 830 1387 886 dieo
1400 849 1440 886 or.
1456 834 1484 900 2,
1498 849 1523 886 νε

336 934 365 991 ού
386 932 439 1006 μἠν
460 931 527 991 ἀλλ’
538 931 632 1010 ἔγωγ’,
654 930 679 988 εί
696 952 734 1000 τις
757 929 856 1011 αἵρεσίν
877 951 923 1005 μοι
944 929 1014 1008 δοίη,
1035 932 1083 1004 τήν
1099 937 1148 1006 τῆς
1163 931 1300 1011 ἡμετέροις
1315 930 1424 1002 πόλεως
1439 932 1523 1008 τύχην

336 1039 367 1094 ἂν
384 1036 508 1110 ἑλοίμην.
538 1039 614 1094 addo
636 1044 734 1094 tamen
756 1057 797 1094 or.
815 1041 843 1108 4,
862 1057 886 1095 τι
902 1032 944 1093 ἀεὶ
966 1034 1073 1106 βέλτιον
1089 1039 1107 1109 s,
1122 1037 1203 1111 ἡμεῖς
1222 1036 1301 1109 ἡμῶν
1323 1036 1408 1093 αὐτῶν
1425 1036 1523 1110 ἐτιμε-

335 1140 460 1215 λούμεθα
479 1143 508 1218 (ἡ
528 1141 597 1215 τύχη
620 1139 812 1219 ἐπιμελεῖται),
834 1143 905 1199 ibid.
922 1139 937 1217 ξ
954 1147 993 1199 45
1018 1141 1077 1198 όποι
1099 1139 1149 1214 μὲν
1168 1139 1220 1218 γὰρ
1238 1136 1279 1218 σίν,
1300 1134 1385 1218 οἶμαι,
1403 1142 1485 1217 μέρος
1500 1161 1524 1200 τι

336 1249 383 1319 της
398 1243 508 1314 πόλεως
524 1243 723 1322 σαναποσταλῄ,
744 1246 795 1301 κᾶν
817 1243 855 1317 μὴ
875 1247 958 1322 πᾶσα,
979 1240 1025 1300 καὶ
1041 1245 1071 1302 τδ
1086 1249 1139 1301 τῶν
1155 1243 1225 1301 θεῶν
1241 1242 1354 1318 εύμενὲς
1369 1242 1415 1302 καί
1430 1245 1460 1302 τό
1475 1249 1525 1320 τῆς

336 1348 420 1425 τύχης
432 1346 647 1426 συναγωνίζεται.
657 1348 676 1423 ¹)
700 1370 738 1407 ex
751 1350 840 1407 simili
857 1349 948 1424 igitur
960 1350 1139 1424 cogitatione
1154 1351 1314 1421 fluxerunt,
1332 1371 1407 1428 quae
1421 1351 1523 1425 legun-

337 1461 385 1511 tur
400 1475 444 1530 pr.
459 1458 508 1524 36,
526 1474 537 1512 1
553 1456 657 1530 πρῶτον
674 1451 794 1530 μὲνγὰρ
811 1453 828 1526 ἡ
845 1452 924 1530 τύχη,
940 1451 1036 1523 καλῶς
1051 1450 1200 1530 τοιούσα,ἳ)
1216 1451 1311 1510 πολλὰ
1325 1457 1378 1510 τῶν
1390 1454 1522 1532 πραγμα-
1559 1479 1563 1488 ·

336 1577 389 1615 των
410 1555 471 1629 ύμῖν
493 1557 640 1634 αύτόματα,
662 1557 700 1627 ὡς
720 1559 752 1613 ἂν
774 1554 906 1635 εύξαισύε,
925 1556 1092 1635 παρίστησιν.
1123 1560 1160 1616 ef.
1178 1560 1269 1618 etium
1290 1579 1332 1634 pr.
1349 1563 1399 1629 41,
1416 1579 1429 1616 4
1444 1557 1474 1614 τδ
1491 1604 1523 1619 ..

336 1665 386 1735 τῆς
401 1660 534 1740 ὑμετέρας
548 1662 632 1737 τύχης
649 1659 808 1738 εὐεργέτημ’
819 1661 908 1739 ἐ’γωγε
924 1660 1015 1740 κρίνω.
1041 1665 1113 1720 haec
1129 1663 1222 1738 igitur
1237 1684 1289 1739 per
1304 1663 1462 1720 transitum
1474 1665 1524 1720 ad-

337 1768 514 1826 notavimus.
545 1769 605 1825 iam
621 1769 657 1825 ad
674 1769 856 1844 propositum
872 1773 1066 1828 revertemur.

440 1873 548 1930 Efficta
560 1873 688 1949 denique
704 1874 818 1931 censuit
831 1875 956 1942 Debree,
975 1893 1049 1950 quae
1064 1874 1204 1947 leguntur
1219 1894 1262 1948 pr.
1278 1877 1327 1943 23,
1345 1894 1355 1930 1
1372 1869 1413 1928 Ού
1429 1869 1526 1948 μικρὰν

314 2026 317 2034 .
339 1973 370 2033 ἅν
387 1993 433 2049 μοι
449 1974 559 2052 δοκεῖτ’,
577 1971 599 2033 ὧ
616 1976 641 2034 οῖ.
656 1976 704 2052 ’A.,
722 1975 819 2049 ζημίαν
836 1975 952 2054 νομίσαι,
970 1975 1047 2046 εἴτις
1061 1976 1148 2048 ἀηδὴς
1164 1971 1230 2046 δόξα
1242 1973 1288 2033 καὶ
1304 1976 1341 2049 μὴ
1353 1976 1527 2052 προσήκουσα

338 2085 370 2160 τῇ
390 2078 471 2138 πόλει
491 2079 565 2158 παρὰ
585 2083 641 2150 τοῖς
656 2080 774 2151 πολλοῖς
789 2079 968 2158 περιγίγνοιτο
985 2104 1000 2139 e
1017 2084 1102 2139 Dcm.
1120 2102 1161 2139 or.
1180 2087 1229 2153 20,
1247 2103 1259 2139 ν
1275 2102 1318 2158 sq.
1334 2083 1393 2150 πῶς
1408 2079 1461 2158 γὰρ
1478 2079 1526 2137 ούκ

339 2181 461 2262 αἰσχρόν,
482 2180 547 2243 ddi.
567 2184 616 2261 Ἀ.,
642 2229 647 2241 .
672 2232 678 2243 .
699 2184 760 2254 τούς
777 2185 879 2262 ἀγαθόν
898 2205 921 2242 τι
942 2187 1125 2256 πεποιηκότας
1148 2181 1325 2261 ἐξαπατῆσαι,
1346 2182 1392 2242 καὶ
1412 2184 1485 2241 ταῦτ’
1497 2185 1526 2242 ού

340 2288 437 2366 μικρὰν
458 2287 555 2363 ζημίαν
577 2287 704 2366 όφλήσειν
726 2289 883 2362 μέλλουσαν
906 2285 959 2370 (se.
981 2289 1028 2362 τήν
1048 2285 1158 2370 πόλιν),
1180 2289 1209 2346 ού
1228 2288 1282 2368 γὰρ
1302 2286 1325 2346 εί
1347 2288 1384 2363 μὴ
1405 2289 1526 2367 χρήματ’

339 2393 477 2451 ἀπόλλυτε
500 2393 581 2467 μόνον
599 2392 737 2472 σκεπτέον,
760 2392 826 2451 ἀλλ’
839 2389 861 2451 εἰ
877 2390 924 2450 καί
940 2389 1022 2463 δόξαν
1038 2395 1168 2471 χρηστήν,
1188 2390 1250 2470 περὶ
1264 2387 1298 2468 ἧς
1315 2391 1425 2466 μᾶλλον
1442 2412 1526 2450 σπου-

340 2497 458 2571 δάζετ’ἢ
474 2494 535 2576 περὶ
550 2499 708 2576 χρημάτων.
741 2506 771 2556 at
787 2499 862 2556 mihi
879 2501 998 2576 quidem
1015 2520 1086 2557 num
1101 2520 1139 2557 ex
1155 2501 1210 2556 hoe
1226 2501 1362 2575 exemplo
1383 2499 1527 2575 prooemii

339 2606 419 2661 locus
443 2606 547 2661 ductus
570 2604 618 2674 sit,
642 2623 701 2660 non
724 2623 775 2679 pro
799 2609 878 2661 certo
902 2604 991 2660 statui
1015 2623 1098 2679 posse
1121 2603 1250 2663 videtur.
1286 2613 1319 2660 ut
1342 2603 1420 2661 enim
1444 2599 1528 2676 ζημία

340 2710 514 2767 vocabulum
529 2709 583 2765 hac
599 2708 814 2781 significatione
830 2709 901 2765 alibi
919 2728 1034 2785 quoque
1047 2709 1181 2784 usurpari
1195 2711 1277 2778 solet,
1294 2709 1389 2767 veluti
1402 2727 1443 2765 or.
1459 2712 1486 2782 1,
1503 2726 1527 2764 ar

341 2809 470 2883 ούδεμιοῖς
486 2805 606 2867 ἐλοίττων
623 2807 722 2882 ζημίας
737 2811 793 2880 τοῖς
808 2829 842 2886 γε
859 2812 988 2890 σώρροοιν
1005 2832 1043 2869 se.
1060 2811 1076 2883 ἠ
1093 2815 1145 2867 τῶν
1160 2811 1328 2888 πραγμάτων
1345 2807 1468 2886 αἰσχύνη,
1484 2811 1527 2867 ita

341 2916 537 2973 Athenienses
550 2936 664 2991 semper
679 2917 775 2974 famae
787 2922 875 2994 atque
888 2917 1104 2974 existimationi
1122 2917 1250 2974 maxime
1266 2917 1444 2974 consuluisse
1461 2935 1527 2972 cum

341 3022 392 3079 alii
407 3026 471 3077 tum
486 3021 518 3077 hi
535 3021 591 3078 loci
604 3022 768 3078 declarant:
786 3042 827 3079 or.
842 3027 890 3092 22,
909 3041 933 3078 re
948 3021 1016 3098 πρός
1028 3020 1078 3092 μέν
1090 3021 1239 3098 χρημάτων
1252 3025 1345 3094 κτῆσιν
1359 3011 1526 3076 ούδεπώποθ’

342 3124 355 3180 ό
372 3122 460 3196 δῆμος
475 3121 633 3201 ἐσπούδασε,
649 3124 717 3202 πρδς
733 3123 764 3181 δὲ
781 3121 862 3196 δόξης
879 3125 917 3194 ὡς
933 3123 994 3183 ούδὲ
1011 3125 1078 3203 πρδς
1093 3125 1122 3182 ’ἐν
1137 3124 1300 3183 τῶνᾶλλων
1318 3121 1407 3206 (quae
1419 3125 1527 3182 deinde

283 3245 284 3248 ’
342 3234 513 3305 sequuntur,
535 3229 629 3286 isdem
644 3230 708 3286 fere
724 3231 822 3288 verbis
837 3232 964 3288 redeunt
980 3231 1011 3287 in
1027 3231 1189 3306 Leptineae
1204 3232 1277 3300 loco,
1299 3250 1387 3308 quem
1403 3249 1527 3287 comme-

342 3327 545 3412 moravimus),
563 3353 605 3390 er.
621 3337 669 3403 18,
687 3353 712 3391 ee
728 3330 771 3390 ἀεί
786 3330 846 3411 περὶ
860 3333 1000 3411 πρωτείων
1016 3331 1062 3390 καί
1077 3338 1157 3407 τιμῆς
1168 3330 1215 3391 καί
1231 3330 1313 3408 δόξης
1326 3332 1528 3409 ἀγωνιζομένην

341 3435 389 3509 τἠν
404 3432 521 3513 πατρίδα
536 3457 574 3494 sc.
592 3435 722 3515 συνῄδειν.

446 3545 544 3620 Atque
567 3544 639 3600 haec
662 3543 811 3601 sufficiant
834 3546 870 3601 de
898 3545 978 3614 loeis,
1008 3545 1059 3621 qui
1082 3547 1168 3603 rebus
1192 3544 1408 3604 eonsentientes
1431 3543 1528 3602 verbis

343 3648 495 3705 differunt.
526 3666 604 3704 nunc
619 3649 655 3704 ad
672 3649 798 3704 alterum
814 3668 904 3722 genus
920 3649 1084 3719 veniamus,
1105 3651 1182 3706 loces
1199 3649 1273 3721 dico,
1296 3649 1347 3726 qui
1363 3648 1460 3705 simile
1476 3648 1528 3704 ali-

343 3752 414 3829 quid
435 3751 633 3825 significantes
653 3752 770 3810 vinculo
791 3753 870 3810 inter
889 3774 920 3810 se
940 3759 1088 3812 tenentur.
1121 3754 1226 3831 quibus
1246 3755 1277 3810 in
1298 3753 1481 3829 proferendis
1497 3757 1530 3809 ut

343 3876 400 3913 nou
423 3856 551 3913 alienum
575 3876 638 3913 esse
660 3857 825 3916 arbitrabar
852 3858 1078 3916 similitudinem
1106 3858 1255 3916 interdum
1282 3858 1457 3933 explicando
1484 3857 1528 3914 iu-

342 3962 478 4031 lustrare,
501 3960 544 4018 ita
567 3961 683 4036 saepius
706 3981 823 4019 necesse
846 3969 910 4020 erat
933 3965 968 4020 ad
993 3983 1094 4020 eorum
1114 3963 1285 4020 memoriam
1305 3962 1429 4032 revolvi,
1455 3981 1530 4038 quae
1553 3959 1555 3964 ’

450 4183 468 4248 1)
489 4183 527 4233 cf.
542 4184 607 4248 quid
624 4184 767 4248 profecerit
786 4186 912 4234 orationis
925 4185 957 4234 X.
971 4186 1083 4250 scriptor
1101 4187 1174 4246 §312
1194 4182 1330 4252 συμβέβηκε
1348 4182 1370 4232 δ’
1382 4181 1530 4251 εὐτυχήματ’

344 4266 540 4337 ἀπἀύταμοίτον,
559 4259 594 4328 οἷς
615 4267 641 4318 δν
660 4269 804 4337 χρησώμεθ’
815 4265 902 4336 ὀρθῶς,
920 4267 981 4328 ’ίοως
1002 4269 1029 4319 διν
1047 4269 1138 4338 γένοιτο
1158 4266 1187 4320 τύι
1200 4269 1291 4332 δέοντα,
1310 4273 1370 4334 §38
1391 4268 1450 4338 μετὰ
1462 4267 1530 4319 ταῦθ’

343 4357 357 4421 ἡ
378 4355 448 4424 τύχη,
471 4355 553 4414 καλῶς
571 4358 681 4418 ποιοῦσα,
703 4352 784 4406 πολλὰ
802 4356 915 4420 πεποίηκε
937 4353 967 4407 τόι
985 4355 1052 4406 κοινοί
1070 4396 1076 4408 .
1091 4379 1111 4424 .;
1133 4361 1156 4408 is
1174 4364 1265 4408 autem
1284 4361 1331 4423 qni
1349 4375 1385 4408 er.
1405 4358 1450 4408 XI.
1470 4374 1531 4407 cen-

344 4447 449 4510 scripsit
467 4460 500 4493 ex
514 4444 691 4509 Olynthiacae
704 4445 740 4494 II.
759 4445 818 4495 loco
837 4445 904 4494 haee
923 4445 1016 4496 elicuit
1034 4448 1048 4508 ξ
1064 4449 1107 4496 15:
1127 4444 1187 4495 κατὰ
1205 4444 1311 4504 πολλούς
1331 4444 1411 4512 μέντοι
1428 4443 1531 4512 τρόπους

345 4529 422 4580 ἕλοιτ’
434 4526 461 4579 ύίν
479 4549 515 4589 τις
534 4529 580 4599 ούχ
598 4523 668 4594 ἧττον
688 4529 729 4596 τὴν
748 4531 865 4600 ἡμετέραν
885 4530 996 4600 εὐτυχίαν
1014 4534 1028 4596 ἢ
1048 4531 1091 4597 τὴν
1111 4531 1208 4584 ἐκείνου.

449 4617 470 4683 ²)
491 4619 567 4680 Quod
585 4620 619 4669 ad
637 4620 781 4669 dictionem
794 4619 808 4683 ι)
819 4618 883 4687 ’τύχη
897 4617 978 4678 καλῶς
991 4622 1094 4669 ποιοῦσα
1109 4624 1213 4686 attinet,
1233 4624 1265 4672 cf.
1281 4620 1328 4688 [or.
1342 4620 1377 4689 X]
1392 4622 1433 4683 38,
1452 4635 1530 4685 quem

345 4705 434 4754 locum
452 4705 530 4754 modo
549 4706 637 4768 attuli,
656 4713 683 4755 et
703 4704 754 4773 [ep.
775 4704 811 4773 2],
831 4724 854 4754 re
874 4703 956 4764 καλῶς
975 4709 1079 4756 ποιοῦσα
1097 4707 1110 4771 ἡ
1130 4707 1210 4758 δικαία
1229 4707 1298 4777 τύχη.
