3530 5536
853 512 1068 566 ...32-

368 707 472 760 nuatas
491 702 633 762 vitavisse
648 703 888 772 Demosthenem,
910 701 1022 779 aliquid
1038 702 1229 760 tribuendum
1245 721 1307 758 esse
1320 701 1449 772 videtur,
1471 703 1557 759 modo

368 826 404 864 ne
420 807 457 864 da
472 811 536 864 arte
551 810 582 864 et
596 805 761 882 praeceptis
776 804 873 881 potius
889 805 999 880 cogites
1015 825 1102 882 quam
1115 806 1151 862 de
1163 805 1276 863 sincero
1289 809 1320 862 et
1332 805 1433 864 subtili
1444 805 1557 863 iudicio

366 911 491 986 perfecti
503 911 635 968 oratoris.
648 911 827 987 quapropter
837 929 896 966 non
907 909 1051 980 recusavi,
1065 909 1136 987 quin
1149 914 1180 967 et
1191 909 1341 986 prooemia
1349 914 1379 967 et
1391 909 1558 968 orationum

366 1015 485 1072 illarum
492 1014 680 1089 undeviginti
689 1014 812 1072 exordia
820 1015 876 1071 hac
883 1013 1244 1091 rationepervestigarem.
1255 1015 1357 1072 eadem
1365 1019 1473 1085 autem,
1481 1033 1558 1092 quae

366 1119 477 1178 Blaesio
494 1119 660 1176 excusanda
675 1139 737 1176 esse
752 1118 939 1189 videbantur,
957 1123 988 1176 et
1002 1119 1065 1195 ipse
1078 1118 1255 1194 excipienda
1270 1139 1332 1176 esse
1347 1123 1429 1176 ratus
1441 1137 1499 1176 non
1510 1137 1557 1176 re-

367 1225 460 1300 ceptis
472 1223 515 1281 eis
526 1224 607 1294 lociS,
621 1223 727 1300 quibus
738 1224 830 1281 trium
841 1225 890 1282 vel
901 1223 1032 1299 plurium
1043 1224 1179 1282 brevium
1188 1225 1367 1301 syllabarum
1374 1221 1557 1281 continuatio

366 1328 401 1386 fit
416 1329 447 1386 in
463 1347 521 1385 uno
534 1328 696 1405 eodemque
707 1331 806 1399 verbo,
822 1328 854 1384 in
866 1327 1085 1404 praepositione
1097 1347 1164 1386 cum
1174 1328 1295 1386 nomine
1307 1327 1507 1398 consocianda,
1525 1327 1557 1384 in

366 1433 489 1491 articulo
505 1452 571 1490 cum
586 1432 704 1490 nomine
720 1437 771 1491 aut
786 1452 853 1490 cum
873 1432 1088 1509 praepositione
1104 1437 1193 1510 atque
1208 1432 1326 1490 nomine
1342 1431 1556 1506 coniungendo,

366 1536 396 1593 in
413 1538 517 1594 vocula
532 1535 571 1592 ότι
588 1531 615 1616 (ὅ
634 1531 670 1616 τι)
688 1537 843 1613 similibus,
856 1535 877 1614 ¹)
893 1538 966 1594 baec
981 1537 1098 1597 inveni:

468 1642 578 1700 Breves
594 1643 722 1719 syllabae
738 1643 860 1700 moleste
876 1643 1064 1700 cumulantur
1074 1641 1105 1698 in
1117 1641 1306 1716 undeviginti
1318 1641 1481 1718 primarum
1492 1660 1556 1698 ora-

365 1745 479 1802 tionum
495 1746 640 1804 exordiis:
661 1748 740 1804 IIIa
754 1743 798 1802 ἵνα
813 1745 856 1822 τά,
864 1741 889 1826 ²)
905 1747 932 1802 V
947 1766 959 1804 a
975 1743 1007 1802 δὲ
1023 1745 1101 1818 μετά,
1118 1745 1191 1804 ibid.
1207 1746 1306 1822 χρόνον
1322 1745 1361 1824 ὅν,
1377 1747 1474 1803 VIIII
1488 1765 1500 1804 ν
1516 1741 1557 1801 εὑ-

366 1845 489 1926 ρήσετεδ
493 1849 519 1908 τά
521 1843 754 1932 ,)Χ]ιστουδάζ
721 1849 818 1919 αζέθ“
805 1869 877 1927 οσον,
894 1843 1216 1932 [ΧΠ]ιθαυμόσρτεδὲ
1228 1850 1268 1926 τό,
1285 1843 1556 1932 [XIII)4roioor⁴)

366 1953 490 2030 ἕκαστον,
507 1954 579 2012 ibid.
596 1972 635 2023 τις
651 1952 792 2029 ὀνομάσαι,
809 1955 881 2012 ibid.
899 1953 948 2030 §6
967 1952 1018 2029 ἐγκ
1018 1951 1148 2026 λήματ’
1137 1973 1168 2030 sp
1170 1951 1269 2030 ’όλην,
1286 1955 1358 2013 ibid.
1375 1952 1447 2031 §10
1463 1947 1557 2010 τᾶλλα

366 2054 397 2114 δὲ
414 2053 492 2136 μετά,
509 2059 605 2116 XVa:
623 2079 666 2135 pr
685 2063 723 2116 27
742 2055 950 2130 βουλεύσησθε
941 2055 1013 2136 περί,
1017 2053 1041 2139 ⁴)
1056 2060 1132 2117 XVI
1148 2079 1173 2116 1
1190 2079 1234 2135 pr.
1249 2063 1266 2116 8
1283 2056 1337 2137 γὰρ
1353 2056 1388 2135 ἀρ
1390 2057 1556 2134 ’ἑκατέρων

365 2162 437 2220 ibid.
455 2160 470 2238 ἓ
488 2167 505 2219 3
523 2156 576 2219 ἀπό
592 2159 623 2218 δὲ
638 2166 692 2219 τῶν
707 2160 981 2242 όμολογουμένων,5)
1004 2156 1118 2246 )XVII)
1135 2183 1146 2220 1
1163 2157 1254 2233 ’Άξιον
1271 2160 1467 2239 ἀποδέχεσθαι,
1483 2163 1555 2221 ibid.

365 2263 429 2322 abab
444 2263 681 2344 παρακαλοῦντας,
697 2267 769 2325 ibid.
787 2264 959 2345 ἀληθέστερα
973 2263 1045 2346 περί7
1062 2267 1134 2326 ibid.
1150 2265 1167 2344 ς
1184 2273 1201 2325 2
1219 2265 1250 2324 δὲ
1265 2263 1327 2346 περὶ
1343 2264 1485 2343 μεγάλων.

468 2370 567 2429 Primo
579 2371 672 2446 igitur
684 2373 788 2430 obtutu
798 2371 883 2431 vides
896 2373 989 2430 multo
1001 2372 1113 2430 maiore
1125 2377 1156 2430 et
1167 2372 1302 2447 graviore
1315 2376 1444 2448 exparte
1452 2373 1557 2430 breves

365 2476 490 2553 syllabas
511 2474 649 2552 deinceps
669 2475 812 2533 cumulari
828 2475 860 2532 in
876 2495 934 2534 orr.
952 2477 1043 2534 XIII.
1060 2480 1091 2534 et
1107 2477 1219 2548 XVII„
1236 2496 1308 2554 quas
1324 2496 1341 2533 a
1356 2476 1557 2533 Demosthene

365 2579 476 2636 alienas
496 2599 559 2638 esse
574 2583 664 2657 probe
684 2580 749 2639 scis.
771 2584 873 2639 contra
888 2581 1012 2639 exordia
1031 2580 1056 2637 si
1075 2581 1197 2657 respicis
1213 2581 1388 2650 orationum,
1409 2599 1482 2657 quas
1497 2581 1557 2638 De·

365 2683 512 2740 mostheni
527 2684 699 2742 tribuendas
714 2705 777 2743 esse
793 2689 914 2756 constat,
931 2686 987 2743 hoc
1001 2686 1117 2760 cogitur
1131 2690 1162 2742 et
1173 2683 1317 2743 efficitur:
1334 2684 1366 2741 in
1378 2683 1558 2742 sectionibus

365 2782 543 2869 XXXXIss)
560 2792 664 2850 breves
680 2791 809 2868 syllabae
825 2791 1011 2847 cumulantur
1026 2789 1164 2865 septiens.

470 3045 489 3112 ¹)
508 3047 569 3096 Non
595 3051 715 3112 receptos
734 3061 792 3096 esse
811 3063 856 3096 eos
875 3046 956 3110 lecca,
981 3027 1077 3112 quibus
1096 3047 1175 3096 trium
1195 3045 1237 3096 vel
1257 3045 1372 3112 plurium
1392 3045 1555 3111 syllabarum

366 3135 486 3184 bravium
514 3135 679 3184 continuatio
703 3135 818 3199 quodam
846 3135 923 3184 modo
949 3135 1086 3184 evanescit
1108 3135 1323 3200 interpungendo
1352 3138 1399 3183 ant
1423 3131 1555 3195 elidendo,

365 3237 419 3270 non
439 3220 568 3285 estquod
586 3219 705 3285 pluribus
724 3219 841 3270 doceam.
861 3223 919 3286 puri
937 3221 1015 3269 modo
1035 3220 1175 3270 omittendi
1188 3225 1264 3270 arant
1277 3222 1302 3270 ei
1315 3220 1376 3283 loci,
1394 3221 1492 3286 quibus
1504 3217 1555 3283 syl-

365 3307 442 3358 labae
465 3312 562 3356 natura
583 3307 677 3357 breves
701 3307 883 3372 producuntur
906 3308 1044 3373 positione.
1068 3323 1123 3357 non
1145 3312 1235 3357 autem
1259 3307 1369 3372 produci
1393 3306 1460 3356 mihi
1483 3305 1555 3356 vido-

365 3394 462 3443 bantur
479 3393 613 3444 Blassium
632 3398 723 3443 secuto
742 3393 836 3444 breves
855 3394 975 3459 syllabae
993 3393 1197 3460 insequentibus
1215 3399 1289 3444 muta
1308 3410 1367 3444 cum
1386 3393 1496 3460 liquida.

469 3479 489 3546 2)
508 3482 540 3530 In
563 3482 681 3531 eiusdem
705 3482 833 3531 orationis
856 3483 871 3544 ξ
894 3483 918 3544 2,
945 3483 992 3531 ubi
1014 3480 1068 3548 περὶ
1091 3483 1133 3531 τοῦ
1157 3479 1209 3531 τίνα
1232 3477 1320 3548 τρόπον
1338 3477 1503 3548 τιμωρήσεταί
1520 3497 1555 3537 τις

366 3563 454 3616 ἐκεῖνον
472 3564 565 3626 ἐξέσται
584 3567 681 3616 σκοπεῖν
699 3569 805 3633 scripsit
822 3567 938 3631 Beklser,
957 3584 1029 3618 nunc
1046 3569 1193 3618 secundum
1212 3566 1231 3616 Σ
1250 3573 1277 3618 et
1289 3569 1354 3618 Bav.
1374 3567 1449 3617 codd.
1469 3566 1556 3616 aditur

366 3653 419 3722 περὶ
444 3655 485 3704 τοῦ
509 3652 563 3704 τίνα
581 3653 746 3723 τιμωρήσεταί
764 3671 798 3712 τις
826 3653 865 3704 καὶ
888 3651 914 3703 όν
938 3653 1025 3721 τρόπον
1049 3652 1140 3713 ἐξέσται
1160 3655 1254 3718 σκοπεῖν
1274 3655 1324 3721 (sic
1342 3654 1463 3717 Dindorf,
1485 3653 1555 3703 Reb-

367 3743 455 3804 dantz,
473 3743 669 3804 Westermann,
688 3742 769 3802 Wcil,
792 3741 888 3810 Blass).
916 3743 982 3792 mibi
999 3757 1063 3792 vero
1082 3742 1193 3793 Voemal
1213 3740 1258 3809 (ad
1276 3743 1302 3792 h.
1320 3741 1349 3809 l.)
1368 3743 1500 3808 persuasit
1517 3739 1557 3788 καὶ

365 3825 391 3877 ὃν
410 3830 582 3894 depravatum
601 3844 659 3880 asse
677 3845 694 3880 a
712 3829 804 3879 scribis
822 3845 855 3879 ex
873 3826 969 3895 ἐκεῖνον,
988 3829 1059 3895 quod
1072 3831 1153 3880 etiam
1166 3835 1206 3880 cst
1222 3831 1251 3878 in
1264 3844 1347 3894 marg.
1360 3830 1434 3890 Bau,
1454 3833 1481 3878 et
1493 3829 1556 3877 scri-

364 3915 481 3966 bendum
504 3918 542 3966 ita
560 3913 612 3966 τότε
631 3915 670 3964 καὶ
689 3915 802 3981 περὶτοῦ
821 3914 873 3965 τίνα
891 3913 1057 3983 τιμωρήσεταί
1074 3932 1109 3974 τις
1129 3914 1216 3965 ἐκεῖνον
1235 3913 1322 3983 τρόπον
1341 3912 1432 3973 ἐξέσται
1451 3914 1555 3965 σκοπεῖν.

470 4002 489 4070 ³)
508 4003 567 4052 Hoc
584 4002 745 4052 vocabulum
761 4002 795 4053 ab
807 4003 926 4053 Homero
943 4002 1025 4068 longa
1036 4002 1124 4053 vocali
1138 4020 1153 4064 ι,
1172 3994 1288 4069 piimum
1301 4004 1377 4054 brevi
1389 4003 1422 4053 ab
1435 4001 1555 4051 Hesiodo

365 4088 444 4155 (Opp.
456 4089 516 4156 754)
531 4095 557 4139 et
567 4089 725 4154 Theognide
738 4089 789 4155 (ed.
801 4089 841 4139 W.
855 4106 880 4140 v.
895 4090 966 4155 678),
980 4089 1077 4140 deinde
1089 4090 1164 4140 brevi
1177 4105 1281 4156 semper
1293 4089 1382 4141 vocali
1396 4107 1404 4138 ι
1416 4104 1433 4140 a
1445 4090 1555 4155 scripto-

365 4177 438 4225 ribus
456 4175 552 4226 Atticis
571 4181 728 4242 usurpatum
748 4182 795 4226 ast.

468 4262 489 4330 ⁴)
507 4263 567 4312 Hoc
585 4262 644 4312 loco
663 4261 717 4329 περὶ
735 4263 836 4313 babent
849 4261 900 4314 ΣΑ
919 4280 959 4330 γρ.
972 4260 1004 4327 Υ;
1023 4260 1081 4330 ὑπὲρ
1095 4263 1177 4329 vulg„
1196 4281 1235 4331 γρ,
1248 4261 1280 4322 Σ;
1300 4261 1358 4331 ὑπὲρ
1376 4265 1555 4330 superscripto

364 4349 417 4417 περὶ
436 4351 467 4399 F.

469 4437 489 4504 ⁴)
508 4435 608 4486 Contra
625 4436 724 4502 legitur
742 4437 770 4485 in
790 4453 827 4502 pr.
847 4438 904 4486 cit:
925 4434 949 4486 ἐκ
968 4433 994 4486 δὲ
1012 4439 1061 4486 τῶν
1080 4435 1099 4487 ό.

467 4521 489 4588 ⁴)
510 4522 681 4588 singularum
701 4525 858 4586 orationum,
878 4529 944 4588 quot
961 4539 1089 4574 numerus
1107 4525 1255 4590 adscriptus
1272 4523 1413 4589 significat,
1432 4528 1472 4572 tot
1484 4539 1555 4574 scru-

365 4615 436 4659 tatus
454 4626 512 4661 sum
532 4612 678 4673 sactiones3
697 4626 732 4660 or.
752 4610 815 4674 I:l‚
834 4611 861 4660 Π
874 4629 880 4661 :
893 4613 918 4675 2,
936 4611 976 4661 III
990 4629 995 4661 :
1009 4609 1189 4680 2†1,1111:
1205 4614 1227 4674 1,
1240 4611 1316 4674 V:3‚
1329 4610 1386 4661 VI:
1400 4613 1424 4674 b,
1437 4611 1555 4674 VIII-23,

364 4697 462 4746 VIIII:
477 4703 501 4761 ὁ,
520 4697 640 4760 xum,
659 4697 761 4761 XV:2‚
779 4698 862 4749 XVI:
877 4701 900 4762 3,
920 4699 1065 4763 XVIII:8‚
1084 4699 1241 4750 XVIII123.
1261 4714 1328 4764 quos
1347 4713 1472 4748 numeros
1491 4700 1554 4748 siin

365 4799 447 4832 unum
466 4785 546 4848 cogis,
565 4783 680 4834 efficitur
698 4800 823 4834 numerus
841 4786 965 4837 XXXXI.
