3530 5536
711 482 925 537 „21-

209 668 295 722 dum
309 673 362 734 est,
380 669 457 743 quod
473 668 627 725 audientes
642 688 685 744 pr.
701 673 750 739 32,
764 689 777 726 4
792 669 871 726 hunc
887 669 919 726 in
931 672 1051 727 modum
1062 671 1271 728 admonentur:
1287 667 1356 728 ούτω
1368 667 1415 726 καὶ

208 768 263 825 τόν
282 768 368 845 λόγον
385 764 453 840 ἀξιῶ
464 770 509 828 τόν
526 767 668 848 εἰρημένον
686 766 716 841 ἐξ
732 764 769 828 ὧν
785 769 920 829 ἀντειπεῖν
936 771 1017 846 ήμεῖς
1033 771 1135 849 έχομεν
1151 773 1338 848 σκεψαμένους
1355 817 1362 833 .
1380 819 1388 833 .
1406 817 1413 832 ,

328 875 439 938 Quodsi
452 895 593 933 summam
609 877 733 934 facimus
748 895 936 954 eorumquae
952 878 1038 935 modo
1050 878 1248 954 exposuimus,
1265 878 1338 935 haec
1349 878 1414 935 cffi-

212 979 350 1037 ciuntur,
374 999 474 1037 omnes
493 980 594 1057 aequis
609 980 715 1038 animis
731 986 799 1038 sunt
814 981 954 1038 audiendi
970 1001 1004 1040 ao
1018 986 1083 1040 tum
1098 1003 1136 1040 ex
1151 982 1195 1040 eis
1210 1001 1285 1060 quae
1299 983 1414 1059 prolata

214 1091 289 1141 sunt
305 1084 416 1160 optima
427 1084 573 1158 eligenda.
590 1104 648 1161 qua
659 1104 692 1141 re
703 1087 781 1142 facta
793 1085 817 1141 si
830 1085 881 1162 qui
893 1086 1070 1145 cavillantur
1081 1086 1208 1163 improbi
1220 1087 1412 1144 existimandi

215 1196 302 1245 sunt:
320 1209 363 1264 pr.
379 1193 427 1258 29,
441 1207 453 1246 ³
468 1189 543 1245 τούτο
557 1185 601 1264 δή,
617 1189 693 1246 τούτό
710 1204 755 1260 μοι
769 1185 853 1245 πάλιν
871 1185 976 1246 δοκεῖτε
990 1187 1140 1266 πείσεσθαι,
1158 1185 1181 1246 εἰ
1198 1188 1235 1263 μὴ
1250 1189 1412 1266 παρασχόν-

217 1309 267 1361 τες
286 1289 358 1360 ἴσους
379 1289 515 1370 ἀκροατὰς
534 1291 640 1349 πάντων
660 1291 730 1365 ύμοῖς
746 1290 840 1361 αύτούς
857 1290 885 1349 ἐν
901 1289 940 1369 τῷ
960 1293 1079 1369 παρόντι,
1101 1290 1148 1351 καὶ
1163 1295 1255 1351 τοῦτον
1270 1293 1316 1351 τόν
1330 1294 1412 1352 πόνον

217 1395 424 1474 ύπομεῖνοιντες,
448 1394 576 1469 ἑλόμενοι
599 1393 633 1452 τὰ
656 1397 785 1473 κράτιστα
800 1393 861 1466 τούς
881 1396 966 1454 ότιούν
981 1396 1084 1466 τούτοις
1100 1396 1279 1471 ἐπιτιμῶντας
1294 1396 1413 1474 φαύλους

217 1500 348 1577 νομιεῖτε,
364 1522 408 1577 pr.
427 1505 477 1572 34,
494 1520 507 1558 3
522 1497 668 1576 μηδαμῶς,
685 1495 707 1557 ὧ
724 1500 749 1560 ἀ.
761 1500 811 1576 Ἀ,
829 1498 906 1558 ἀλλά
920 1501 1087 1573 πονήσαντες
1102 1501 1147 1558 τόν
1163 1503 1244 1559 πόνον
1259 1504 1350 1559 τούτου
1365 1497 1412 1558 καὶ

218 1605 406 1682 παρασχόντες
426 1602 499 1672 ἴσους
520 1598 657 1682 ἀκροατάς
677 1599 840 1682 ἀμφοτέροις
854 1604 925 1678 ὑμᾶς
941 1603 1036 1674 αύτούς
1050 1609 1156 1683 πρῶτον
1177 1605 1228 1678 μὲν
1245 1603 1343 1664 ἕλεσθε
1359 1606 1373 1663 ό
1388 1624 1411 1663 τι

218 1705 267 1766 καὶ
286 1710 422 1787 ποιήσετε,
443 1707 527 1766 ἔπειθ’
541 1707 761 1786 ὑπολαμβάνετε,
785 1708 833 1766 ἐάν
847 1727 888 1777 τις
909 1708 1064 1767 ἐναντιῶται
1083 1710 1140 1779 τοῖς
1156 1705 1228 1780 ἅπαξ
1248 1709 1317 1767 ούτω
1334 1707 1411 1768 δοκι-

219 1813 353 1891 μασθεῖσι,
368 1813 486 1891 πονηρόν
501 1810 547 1871 καὶ
562 1813 695 1871 κακόνουν
711 1811 780 1887 ὑμῖν.
797 1814 882 1874 vides
894 1833 970 1891 quae
986 1813 1017 1870 in
1030 1814 1181 1890 superiore
1196 1816 1260 1872 loco
1276 1835 1329 1890 per
1344 1835 1411 1874 eon·

217 1918 345 1976 dicionis
364 1925 462 1995 partes
486 1920 728 1977 commendantur
742 1919 774 1976 in
790 1920 883 1976 altero
900 1918 1010 1976 diserte
1026 1938 1059 1976 ac
1074 1939 1173 1995 presse
1193 1920 1334 1996 praecipi.
1359 1922 1411 1978 hos

218 2028 318 2081 autem
340 2025 418 2082 locos
441 2023 605 2082 simillimos
628 2043 662 2081 ac
682 2043 774 2100 paene
795 2023 927 2098 geminos
947 2043 1010 2080 esse
1032 2024 1150 2081 tametsi
1170 2024 1320 2082 neminem
1339 2031 1410 2100 puto

219 2127 323 2202 fugiet,
340 2133 440 2186 tamen
453 2130 526 2186 haec
538 2147 721 2204 componam:
738 2126 928 2206 παρασχόντες
942 2125 1014 2196 ἴσους
1028 2123 1164 2205 ἀκροατὰς
1181 2175 1187 2187 .
1205 2173 1212 2188 ,
1230 2127 1301 2201 ύμοῖς
1316 2127 1411 2198 αύτούς
1498 2203 1501 2210 Ι

219 2263 262 2272 -
277 2233 464 2310 παρασχόντες
480 2229 552 2301 ἴσους
568 2228 704 2309 ἀκροατὰς
721 2279 727 2291 .
746 2279 753 2291 .
771 2230 842 2305 ύμοῖς
857 2229 961 2300 αύτούς.
978 2264 1021 2273 -
1038 2230 1135 2289 ἐλεσθε
1152 2230 1166 2286 ‘o'
1181 2251 1206 2288 τι
1220 2228 1267 2288 κοιὶ
1282 2232 1409 2304 ποιήσετε

219 2369 261 2377 -
277 2334 404 2409 ἑλόμενοι
415 2334 449 2393 τά
460 2336 597 2413 κράτιστα.
612 2369 653 2378 -
669 2336 836 2408 πονήσαντες
847 2335 892 2392 τόν
905 2336 986 2393 πόνον
998 2338 1090 2394 τοῦτον
1109 2369 1149 2377 -
1164 2338 1256 2393 τούτον
1270 2335 1314 2393 τόν
1327 2335 1408 2395 πόνον

219 2436 420 2513 ὑπομείναντες.
443 2473 485 2482 --
507 2438 567 2509 τούς
586 2439 671 2498 ότιούν
691 2438 793 2508 τούτοις
815 2437 994 2512 ἐπιτιμῶντας
1014 2439 1132 2515 φαύλους
1152 2441 1270 2512 νομιεῖτε
1294 2473 1335 2484 -
1361 2438 1410 2498 ἐάν

219 2561 258 2612 τις
277 2543 432 2602 ἐναντιῶται
451 2546 507 2615 τοῖς
526 2540 598 2615 ἅπαξ
618 2543 687 2602 ούτω
708 2543 902 2622 δοκιμασθεῖσι,
922 2543 1039 2623 πονηρόν
1054 2540 1101 2602 καὶ
1116 2545 1248 2602 κακόνουν
1263 2542 1325 2617 ύμῖν
1340 2542 1409 2602 ύπο-

219 2645 386 2722 λαμβάνετε.

320 2756 424 2813 Restat
444 2760 477 2812 ut
497 2753 627 2814 dicamus
644 2754 715 2832 quid
736 2756 924 2812 statuendum
940 2754 979 2811 sit
995 2755 1032 2811 de
1052 2754 1205 2812 auditione
1224 2755 1297 2830 ipsa.
1321 2759 1409 2832 atque

217 2858 357 2917 audiendi
382 2879 488 2916 munus
510 2861 694 2917 subeundum
717 2878 780 2916 esse
803 2858 913 2917 dieitur
935 2879 979 2935 pr.
998 2864 1026 2929 3,
1048 2878 1073 2915 1:
1098 2879 1145 2918 ex.
1167 2877 1210 2916 or.
1230 2860 1256 2916 Ι.
1278 2858 1410 2936 προσήκει

216 2962 346 3040 παρέχειν
360 2959 507 3032 ἐθέλοντας
515 2962 621 3021 ἀκούειν
631 2962 701 3036 ύμοῖς
709 2960 804 3032 αύτούς
813 2965 866 3018 τῶν
876 2959 1053 3047 βουλομένων
1065 2960 1269 3040 συμβουλεύειν,
1282 2983 1326 3038 pr.
1337 2967 1408 3034 49,1

218 3065 259 3124 δεῖ
278 3067 368 3141 μέντοι
388 3066 473 3146 τούτῳ
491 3069 630 3146 προσεῖναι
647 3065 794 3137 ἐθέλοντας
814 3065 920 3124 ἀκούειν
941 3065 1011 3139 ύμοῖς
1030 3062 1077 3123 καὶ
1098 3063 1280 3124 διδάσκεσθαι.
1307 3067 1408 3144 itaque

217 3173 240 3230 si
259 3176 424 3232 auscultare
444 3174 539 3231 nolint
559 3173 757 3230 Athenienses
781 3192 838 3229 non
860 3176 941 3228 recte
961 3172 1059 3229 facere
1079 3171 1233 3229 dicuntur:
1258 3191 1302 3247 pr.
1324 3175 1374 3241 44,
1396 3191 1408 3228 a

217 3273 240 3333 εἰ
263 3275 314 3350 μὲν
336 3273 381 3335 οὖν
404 3273 529 3350 οἰήσεσθε
551 3274 607 3334 δεῖν
627 3275 666 3350 μὴ
686 3275 778 3334 θέλειν
799 3273 916 3351 ἀκούειν,
939 3274 988 3333 ούκ
1003 3273 1090 3353 ὀρθῶς
1105 3276 1241 3347 ποιήσετε.
1264 3296 1308 3350 pr.
1326 3278 1407 3345 47,2

217 3380 253 3454 μή
274 3379 387 3440 θέλουσι
401 3381 452 3455 μὲν
472 3376 518 3438 ούν
539 3379 646 3439 ἀκούειν
667 3378 716 3437 ούκ
732 3379 770 3438 ἐνι
787 3378 820 3453 δή
836 3398 887 3437 που
904 3379 1010 3456 μαθεῖν,
1031 3377 1109 3436 ούδὲν
1126 3377 1237 3452 μᾶλλον
1252 3381 1270 3452 ἢ
1287 3381 1406 3436 σιωπῶσι

217 3483 334 3560 μηδενός
353 3485 494 3562 λέγοντος.
516 3493 617 3545 contra
636 3507 675 3544 ex
694 3485 836 3543 audiendi
856 3485 1010 3543 voluntate
1032 3486 1207 3542 alterutrum
1223 3485 1407 3542 commodum

216 3597 350 3648 nascatur
372 3610 490 3648 neccsse
513 3597 568 3648 est.
597 3595 648 3648 aut
671 3590 752 3647 enim
776 3590 800 3646 si
823 3589 894 3666 quid
917 3589 992 3646 utile
1013 3588 1175 3658 videbitur,
1203 3589 1259 3647 hoe
1281 3589 1406 3664 amplec-

215 3701 314 3753 tentur
337 3696 491 3754 audientes
513 3699 564 3752 aut
587 3695 618 3752 in
641 3715 685 3765 ea,
710 3714 797 3772 quam
819 3695 954 3769 probant,
983 3693 1129 3750 sententia
1151 3693 1265 3750 firmius
1292 3713 1405 3768 perma-

215 3802 337 3858 nebunt:
361 3821 405 3877 pr.
423 3804 473 3872 44,
490 3820 503 3857 3
525 3797 557 3855 ἀν
574 3795 598 3854 δ’
608 3796 740 3871 ἀκούσητε
756 3800 843 3876 σιωπή
860 3792 907 3853 καὶ
922 3790 993 3854 τοῦθ’
1006 3794 1178 3872 ὑπομείνητε,
1204 3793 1275 3852 δυοῖν
1292 3793 1404 3871 ἀγαθοῖν

216 3903 324 3980 θάτερον
345 3903 405 3976 ύμῖν
425 3898 546 3980 ύπάρξει.
562 3904 579 3974 e
595 3899 649 3980 γάρ
667 3900 856 3978 πεισθήσεσθε,
879 3899 950 3957 ἀντι
967 3897 1093 3973 δοκῶμεν
1109 3898 1203 3976 λέγειν
1220 3899 1362 3978 συμφέρον,
1386 3901 1403 3970 ἢ

217 4005 387 4085 βεβαιότερον
402 4003 464 4085 περὶ
479 4000 517 4064 ῶν
532 4005 666 4084 ἐγνώκατ’
676 4004 771 4063 ἔσεσθε
785 4003 971 4082 πεπεισμένοι,
989 4025 1033 4080 pr.
1048 4010 1098 4075 47,
1112 4025 1124 4062 a
1141 3998 1269 4060 ἀκούσασι
1286 4001 1316 4061 δέ
1332 4001 1404 4060 δυοῖν

217 4110 324 4189 ἀγαθοῖν
341 4110 389 4169 ούκ
406 4110 444 4168 ἐνι
459 4111 571 4188 θατέρου
587 4109 753 4189 διαμαρτεῖν.
770 4111 788 4182 ἢ
801 4107 855 4186 γὰρ
869 4107 1026 4177 πεισθέντες
1041 4108 1141 4176 πάντες
1155 4105 1202 4165 καὶ
1214 4106 1296 4165 ταύτὰ
1313 4106 1403 4184 ἐγνω-

216 4215 290 4284 κότες
309 4216 462 4295 κοινότερον
485 4212 688 4288 βουλεύσεσθε.
707 4262 713 4274 ,
735 4216 752 4287 ἢ
774 4213 811 4288 μὴ
833 4211 993 4286 δυνηθέντος
1012 4215 1058 4270 τού
1077 4211 1209 4289 λέγοντος
1226 4207 1334 4282 διδάξαι
1351 4208 1402 4282 βε-

217 4318 351 4398 βαιότερον
372 4320 430 4389 τοῖς
454 4318 636 4396 ἐγνωσμένοις
657 4318 821 4377 πιστεύσετε.
850 4337 975 4396 quorum
997 4319 1129 4375 locorum
1151 4317 1335 4393 apertissima
1358 4321 1403 4373 est

169 4473 172 4480 .
217 4426 388 4498 similitudo;
411 4445 446 4484 eo
461 4431 586 4496 tantum,
610 4425 635 4482 si
659 4424 732 4502 quid
749 4425 851 4495 sentio,
874 4424 1027 4494 differunt,
1050 4423 1127 4499 quod
1151 4422 1231 4497 prior
1246 4422 1402 4480 verborum

217 4532 337 4608 quodam
351 4533 437 4589 modo
452 4530 593 4588 adstricta
608 4530 868 4606 comprehensione
884 4533 914 4586 et
930 4531 1079 4586 eontracta
1094 4525 1218 4600 insignis
1234 4529 1287 4595 cst,
1305 4528 1401 4600 poste·

216 4635 271 4694 rior
292 4634 497 4712 amplificando
520 4639 631 4691 auctus.
659 4654 712 4710 per
735 4631 1001 4690 dissimulationem
1021 4630 1188 4687 dictasunt
1209 4649 1251 4700 ea,
1273 4628 1399 4705 quaein

217 4740 358 4814 prooemio
375 4739 523 4796 XXXVI.
541 4739 581 4795 in.
602 4738 753 4811 leguntur:
772 4735 884 4813 Πρῶτον
905 4733 964 4810 μέν,
982 4727 1004 4789 ὦ
1021 4732 1046 4791 ἀ.
1057 4731 1106 4808 ll,
1127 4732 1158 4789 ού
1172 4732 1241 4788 πάνυ
1262 4750 1308 4804 μοι
1324 4729 1401 4788 δοκεῖ
