3530 5536
730 459 944 514 ..59-

345 647 413 704 Non
432 647 542 704 nullius
561 651 606 704 est
624 647 776 719 momenti,
797 647 875 723 quod
895 648 974 704 locus
994 645 1156 703 communis
1175 649 1210 702 ut
1229 647 1260 701 in
1282 645 1431 721 or.01yu-

239 749 350 822 thiaca,
373 751 418 807 ite
433 751 525 808 etiem
539 751 571 808 in
587 771 631 826 pr.
648 754 688 808 53
711 751 876 827 praecurrit
898 750 1146 827 comparationem
1160 749 1242 807 illam
1257 751 1295 806 dc
1317 749 1431 806 lucellis

239 859 273 911 et
288 854 362 912 cibis
376 856 494 926 factem,
511 857 548 912 de
563 875 621 933 que
636 857 721 913 modo
737 855 919 913 dictumest.

305 996 349 1052 pr.
363 980 414 1048 41,
427 997 440 1034 r
454 969 508 1036 καί
519 969 659 1055 νομίζειν
669 970 722 1057 (sc.
735 970 807 1058 χρή)
834 972 837 1056 ί
926 997 968 1038 or.
981 977 1060 1033 VIII
1075 981 1111 1034 77
1129 975 1186 1052 οὐχ
1201 971 1263 1057 ὁρῶ
1279 972 1364 1050 λόγον
1380 975 1429 1033 δο-

238 1073 360 1162 μηδένα
367 1070 540 1156 ἔχεινλόγον
548 1077 652 1140 εἰπεῖν
658 1084 722 1141 τῶν
730 1098 809 1160 συμ-
861 1101 910 1155 τις
925 1077 998 1141 ἄνευ
1012 1083 1069 1140 τοῦ
1083 1081 1191 1140 ποιεῖν
1204 1075 1285 1160 ὑμᾶς
1295 1073 1316 1138 ἃ
1327 1096 1430 1160 προσ-

237 1181 454 1262 βουλενόντων
468 1188 613 1246 τοιοῦτον
626 1185 658 1254 ὃς
668 1184 809 1259 δυνήσεται
861 1183 930 1268 ήκω
946 1182 1088 1257 δυνήσεται
1103 1184 1159 1266 τήν
1174 1179 1270 1244 πόλιν
1285 1185 1378 1240 σῶσαι.

239 1292 328 1346 σῶσαι
346 1288 386 1348 τὰ
405 1287 550 1370 παρόντα
569 1286 703 1372 μηδενὸς
723 1287 810 1370 ὑμῶν

239 1387 338 1475 μηδὲν
353 1387 574 1475 σοναροιμένου.

345 1517 430 1579 Quod
445 1521 544 1574 orator
558 1517 591 1574 in
606 1517 721 1593 epilogo
737 1536 778 1574 or.
790 1518 878 1574 VIII.
892 1517 928 1572 de
944 1535 975 1572 se
990 1514 1052 1590 ipso
1061 1515 1274 1591 pronuntiavit,
1290 1516 1327 1572 ed
1340 1515 1430 1572 alium

238 1621 374 1698 quemvis
389 1622 567 1680 transfertur
580 1623 613 1680 in
628 1621 787 1698 prooemio.

304 1763 348 1819 pr.
362 1747 412 1814 41,
429 1762 442 1802 5
458 1740 487 1798 οῦ
502 1741 556 1820 γὰρ
569 1741 625 1799 tet*
634 1743 708 1811 ὅπως
719 1733 807 1802 ταῦτ’
832 1739 834 1820 ί
926 1734 979 1822 [or.
1003 1733 1045 1822 X]
1072 1745 1109 1798 36
1134 1739 1190 1800 τὸν
1211 1738 1315 1822 φόβον
1339 1737 1382 1814 ὡς
1400 1739 1431 1797 οῦ

240 1845 303 1902 ἄνευ
320 1842 445 1922 μεγάλου
460 1846 530 1916 τινος
546 1847 674 1919 στήσεται
691 1888 720 1904 ..
860 1845 986 1917 στήσεται
1014 1836 1100 1905 τοῦτ’
1116 1842 1180 1900 ἄνευ
1208 1842 1333 1920 {effice
1358 1843 1430 1912 τινος

832 1969 968 2030 ,κακον

648 2080 758 2144 ,μηνί
774 2070 899 2148 μεγάλου
914 2070 998 2152 serbe:
1011 2062 1109 2142 πανοῦ,
1126 2073 1204 2149 quod
1220 2078 1370 2131 servatum
1386 2081 1431 2130 est

237 2176 268 2233 in
286 2168 339 2257 [or.
351 2167 415 2257 X.].
439 2196 507 2234 nam
522 2178 608 2234 κανοῦ
622 2151 982 2253 abesseiioh‘pdsser‘ecte
994 2176 1109 2235 monuit
1121 2177 1262 2234 Schaefer
1272 2179 1349 2253 App.
1362 2178 1428 2234 crit.

235 2281 263 2334 V
278 2281 315 2336 ed
331 2282 350 2337 l.
364 2299 388 2338 c.
410 2280 502 2338 simili
521 2281 636 2338 ratione
656 2302 789 2339 sermone
804 2282 911 2339 Latino
927 2282 1083 2339 Terentius
1099 2283 1193 2338 Andr.
1209 2302 1239 2341 v.
1259 2285 1317 2337 179
1335 2281 1428 2338 dixit:

237 2385 342 2461 neque,
358 2390 393 2448 uc
408 2386 519 2460 opinor,
537 2385 601 2442 sinc
615 2390 667 2443 tuo
684 2385 787 2460 magud
802 2387 878 2443 malo
896 2379 950 2466 (sc.
966 2383 1078 2458 faciet).

129 2575 130 2578 η
302 2526 346 2582 pr.·
360 2510 411 2575 49,
425 2526 438 2563 3
452 2504 514 2575 τοὺς
529 2504 581 2578 μὲν
597 2501 641 2562 οῦν
653 2504 757 2576 ἄλλους
768 2504 795 2566 ίί-
832 2501 835 2586 ί
925 2527 967 2564 or.
987 2508 1113 2563 XVIIII
1130 2512 1147 2563 2
1168 2504 1230 2574 τοὺς
1246 2504 1296 2578 μὲν
1312 2502 1357 2563 οῦν
1374 2504 1428 2563 ἀλ-

237 2629 361 2684 ιιαντας
388 2600 483 2689 ἔγωγε
511 2609 565 2687 ὁρῶ
588 2609 637 2683 τὴν
664 2606 805 2686 ἀειλογίαν
859 2609 935 2686 λους,
957 2607 1027 2671 ὅσοι
1043 2608 1124 2691 πρὸς
1137 2609 1177 2669 τὰ
1193 2609 1283 2670 κοινὰ
1299 2603 1430 2684 δικαίως

236 2714 458 2792 προτεινομένους
475 2760 481 2770 .
501 2761 507 2772 .
859 2709 1098 2796 προσέρχονται,
1106 2712 1165 2774 κᾶν
1172 2708 1429 2789 δεδωκότεςῶσιν

858 2817 1004 2894 εὐθύνας,
1016 2817 1063 2892 τὴν
1072 2816 1215 2896 ἀειλογίαν
1224 2819 1279 2896 ὁρῶ
1286 2837 1428 2896 προτεινο-

860 2923 958 2996 μένους
975 2968 1007 2982 ..

338 3017 487 3103 Oretionis
498 3048 634 3103 XVIIII.
647 3049 746 3122 piures
761 3046 852 3104 etiam
867 3048 945 3105 locos
960 3047 992 3104 iu
1008 3048 1167 3124 prooemiis
1176 3049 1274 3107 redire
1286 3049 1365 3106 infra
1377 3051 1427 3106 do-

241 3149 375 3218 ,ebimus
406 3170 483 3208 nunc
507 3151 696 3208 manifestum
719 3151 750 3207 in
773 3151 820 3207 his
842 3157 958 3209 tantum
982 3172 1154 3210 consensum
1178 3154 1426 3228 significabimus:

234 3423 358 3486 editores,
377 3425 404 3473 id
422 3425 493 3490 quod
511 3426 564 3473 iam
582 3424 691 3474 Bekker
709 3425 817 3488 iecerat,
836 3433 909 3477 recte
921 3428 1047 3478 videntur
1064 3430 1090 3480 h.
1103 3430 1120 3479 l.
1135 3445 1234 3480 morem
1247 3445 1339 3495 gerere
1353 3430 1371 3479 Σ
1384 3447 1426 3482 co·

234 3511 301 3560 dicis
323 3513 485 3561 auctoritati.
509 3526 637 3577 persaepe
664 3520 754 3563 antem
781 3529 837 3564 rem
865 3515 1001 3579 publicam
1024 3516 1095 3566 mele
1119 3519 1296 3568 tractantibus
1319 3518 1427 3570 divitias

233 3597 418 3648 fraudulenter
439 3603 527 3662 partas
546 3600 652 3648 crimini
671 3600 728 3649 dari
747 3602 780 3650 ab
800 3603 949 3652 oratoribus
968 3618 1001 3652 ex
1019 3602 1061 3652 his
1080 3604 1209 3669 exemplis
1228 3608 1426 3670 cognoscimus:

233 3684 311 3734 Dem.
331 3701 367 3736 or.
387 3687 429 3747 24,
448 3702 484 3733 ινι
508 3675 575 3734 οῦτοι
593 3683 616 3734 οἱ
636 3683 733 3753 ῥήτορες
752 3685 795 3736 οῦκ
814 3685 940 3755 ἀγαπῶσιν
959 3686 984 3738 ἐκ
1002 3688 1110 3753 πενήτων
1128 3689 1242 3740 πλούσιοι
1260 3687 1306 3741 ἀπὸ
1323 3694 1364 3756 τῆς
1384 3690 1426 3743 πό-

233 3769 296 3830 λεως
319 3769 449 3838 γενόμενοι,
473 3788 510 3821 or.
530 3774 572 3834 23,
596 3790 634 3822 soe
656 3774 697 3821 νῦν
719 3771 775 3822 δὀἱ
798 3771 840 3840 μὲν
858 3770 887 3825 τὰ
911 3771 978 3824 κοινὰ
996 3775 1140 3836 διοικοῦντες
1160 3775 1185 3827 ἐκ
1204 3781 1311 3847 πτωχῶν
1330 3775 1427 3847 εῦιτοροι

233 3897 239 3908 .
261 3896 281 3920 .,
300 3873 369 3923 quae
387 3863 418 3907 ut
435 3872 468 3906 ex
488 3858 599 3923 Olynth.
612 3860 661 3909 111.
674 3861 835 3926 interpolata
853 3862 967 3912 delenda
990 3878 1048 3913 csse
1067 3865 1244 3915 audacissime
1262 3873 1354 3917 censet
1372 3869 1425 3918 Do·

233 3945 296 3994 bree
314 3961 339 4009 p.
352 3945 409 3993 137.
433 3944 465 3993 cf.
485 3946 567 3994 etism
586 3961 627 4008 ea,
652 3948 749 4012 quibus
767 3949 963 4000 Demosthenes
981 3950 1141 4001 Aeschinem
1165 3953 1309 4018 compellat
1328 3971 1364 4004 cr.
1386 3955 1426 4018 18,

234 4047 271 4078 1³1
295 4028 418 4096 ἐλεύθερος
442 4028 467 4079 ἐκ
490 4029 579 4080 δούλου
602 4031 642 4080 καὶ
664 4031 780 4092 πλοῦοιος
804 4033 829 4084 ἐκ
852 4037 954 4104 πτωχοῦ
978 4033 1019 4085 διὰ
1041 4033 1152 4087 τουτουσί
1171 4036 1277 4105 γεγονὼς
1296 4037 1342 4108 οῦχ
1360 4035 1425 4100 ὅπως

233 4113 305 4183 χάριν
325 4113 404 4174 αὐτοῖς
424 4113 494 4184 ἔχεις,
514 4114 597 4168 ἀλλὰ.
614 4138 633 4182 .;
658 4137 750 4171 verum
769 4121 836 4171 haec
854 4123 943 4185 verba,
963 4126 1078 4189 quaein
1098 4125 1150 4174 loci
1171 4128 1319 4176 communis
1337 4134 1426 4193 partes

235 4203 333 4253 abiisse
351 4204 480 4266 videmus,
499 4205 695 4257 Demosthenes
713 4209 769 4273 ipse
788 4209 821 4258 ab
840 4209 901 4259 eliis
919 4215 1057 4260 mutuatus
1076 4217 1128 4275 est,
1152 4213 1184 4262 ci.
1203 4214 1265 4279 Lys.
1285 4230 1321 4264 or.
1341 4217 1382 4277 25,
1401 4233 1425 4264 ro

234 4285 301 4338 αὐτοὶ
319 4288 342 4338 δ’
353 4287 379 4338 ἐν.
397 4292 504 4353 πενήτων
521 4289 634 4340 πλούσιοι
653 4291 767 4360 ἐγένοντο,
790 4296 853 4346 ibid.
867 4298 882 4358 ξ
894 4299 928 4345 30
946 4295 986 4345 καὶ
1005 4296 1099 4365 ταχέως
1119 4296 1161 4364 μὲν
1180 4298 1206 4348 ἐκ
1224 4299 1332 4363 πενήτων
1351 4299 1424 4350 πλοῦ·

234 4393 282 4425 σιοι
299 4375 447 4444 γεγένηνται,
467 4395 503 4428 or.
517 4381 559 4440 30,
578 4396 602 4428 τι
622 4375 673 4430 ἀντὶ
693 4379 735 4448 μὲν
754 4381 842 4431 δοῦλον
861 4381 961 4447 πολίτης
981 4383 1113 4451 γεγένηται,
1132 4383 1184 4434 ἀντὶ
1198 4383 1224 4434 δὲ
1236 4389 1337 4454 πτωχοῦ
1349 4385 1426 4437 πλοῦ-

234 4480 284 4520 οιος
298 4502 305 4514 .
319 4503 333 4524 .,
347 4480 427 4530 quem
444 4465 533 4515 locum
547 4467 667 4518 conferas
681 4484 740 4518 cum
753 4468 802 4518 illa
814 4471 953 4520 Aeschinis
966 4471 1187 4536 compellatione,
1205 4473 1285 4522 Isocr.
1300 4489 1336 4523 or.
1350 4478 1374 4538 8,
1389 4493 1425 4524 τοι

232 4548 333 4610 τούτους
357 4549 414 4600 δ’ἐκ
440 4551 547 4615 πενήτων
570 4551 702 4612 πλουσίους
725 4554 898 4623 γεγενημένους
923 4554 966 4605 οῦν.
989 4553 1168 4626 ἀγανακτοῦμεν
1193 4598 1199 4608 .
1220 4598 1234 4620 .,
1258 4561 1321 4610 ibid.
1341 4565 1356 4623 ξ,
1377 4565 1424 4611 125

233 4634 332 4694 τοῦτους
352 4676 358 4687 .
378 4677 383 4687 .
403 4635 429 4686 ἐκ
448 4640 565 4688 ταπεινῶν
584 4637 729 4706 εὐδαίμονας
748 4641 918 4710 γεγενημένους
938 4643 985 4708 (sc.
1004 4641 1171 4712 ὑπομένομεν).
1189 4647 1252 4695 vide
1270 4643 1424 4698 chraeum

231 4740 257 4788 p.
281 4725 314 4774 98
333 4727 370 4775 in.
