3530 5536
832 460 1046 514 ..22..

345 667 385 718 τις
400 649 432 706 ἀν
448 643 561 717 εἰκότως
576 643 637 724 περὶ
651 646 725 720 ὑμῶν
738 643 834 723 δεῖσαι,
851 643 889 719 μὴ
905 643 979 723 παρά
994 644 1024 701 τ“ο
1039 649 1092 701 τῶν
1109 643 1349 718 συμβουλευόντων
1364 641 1413 700 ούκ
1429 639 1536 699 ἐθέλειν

345 749 452 810 ἀκούειν
471 752 565 831 χεῖρον
585 749 777 824 βουλεύσησθε.
799 750 979 810 disiunotiva
997 750 1114 808 ratione
1133 751 1241 808 deindo
1261 749 1430 806 inferuntur
1447 749 1535 804 haee:

345 857 487 915 audiendi
502 858 573 932 fuga
587 861 639 914 aut
653 855 790 914 meliores
805 873 924 912 neoesse
940 874 1002 913 osse
1017 853 1083 912 fiori
1098 873 1144 912 ros
1159 859 1211 912 aut
1226 853 1397 912 deteriores.
1414 851 1439 909 si
1455 853 1537 909 dete·

345 961 447 1032 riores,
464 961 628 1019 verendum
642 979 713 1029 esse,
726 980 764 1018 ne
780 959 874 1016 maior
888 958 920 1016 in
936 958 999 1016 dies
1014 958 1084 1016 inde
1097 958 1209 1016 oriatur
1220 957 1384 1016 calamitas:
1401 977 1444 1034 pr.
1459 960 1509 1026 38,
1525 974 1538 1012 a

347 1062 371 1123 εἰ
390 1063 442 1139 μὲν
457 1060 503 1122 οὖν
517 1062 549 1122 ἐκ
563 1065 609 1120 τοῦ
625 1062 662 1137 μὴ
680 1062 787 1121 ἐθέλειν
803 1061 911 1122 ἀκούειν
928 1060 1007 1132 ἐλπὶς
1023 1065 1106 1121 ταῦτα
1121 1063 1247 1140 γενέσθαι
1263 1061 1374 1143 βελτίω,
1390 1065 1466 1122 τούτο
1482 1061 1537 1140 χρὴ

347 1169 489 1247 πρέπειν·
507 1163 530 1224 εἰ
547 1165 579 1225 δέ
593 1165 679 1244 χείρω
693 1165 743 1240 μὲν
756 1166 861 1224 ἅπαντα
878 1165 987 1241 βέλτιον
1004 1165 1117 1224 δὀῖιδέν
1133 1166 1166 1225 ἐκ
1180 1167 1271 1226 τούτου
1287 1169 1441 1246 γενήσεται,
1456 1164 1481 1224 τί
1497 1165 1539 1225 δεῖ

346 1272 414 1351 πρδς
430 1271 460 1330 τ“ο
480 1268 647 1348 φαυλότατον
668 1270 759 1329 ἐλθεῖν
776 1270 908 1341 ἐάσαντας
924 1269 958 1328 ἐκ
971 1269 1100 1340 πλείονος
1114 1272 1131 1344 ἢ
1147 1273 1192 1327 νῖιν
1207 1269 1253 1329 καὶ
1268 1270 1465 1349 χαλεπωτέρου
1481 1263 1539 1348 σῴ-

348 1378 402 1447 ζειν
425 1375 565 1455 πειράσθαι
588 1422 594 1434 .
620 1377 771 1455 .deniquo
794 1398 831 1435 ne
854 1397 946 1434 uuum
969 1377 1091 1454 quidem
1113 1376 1217 1436 audire
1244 1377 1389 1436 sustinere
1416 1397 1455 1434 ex
1485 1376 1538 1446 eis,

347 1501 421 1560 qnae
437 1481 503 1558 quie
515 1479 667 1539 blanditiis
682 1481 798 1539 omissis
814 1482 919 1539 dooere
934 1481 966 1538 in
982 1481 1081 1539 animo
1096 1482 1196 1552 habet,
1212 1481 1244 1538 id
1260 1500 1319 1539 non
1336 1481 1368 1538 in
1384 1480 1539 1539 sentiendo

348 1584 520 1656 errantium,
538 1586 588 1643 sod
601 1585 701 1661 turpia
716 1585 919 1662 appetentium
934 1605 998 1643 esse
1011 1586 1134 1644 dieitur:
1152 1605 1196 1661 pr.
1211 1590 1261 1657 28,
1278 1604 1290 1643 ιι
1305 1585 1337 1642 ἀν
1354 1580 1404 1658 μέν
1417 1579 1461 1640 οὖν
1474 1579 1539 1657 μηδ’

350 1685 506 1762 ύπομείνητ’
520 1685 632 1745 ἀκοῦσαι
652 1685 724 1762 μηδὲ
741 1687 779 1763 ἐν,
802 1687 831 1746 σὺ
851 1685 890 1765 τῷ
913 1686 1108 1762 δοκιμάζοντες
1131 1685 1297 1766 διαμαρτεῖν,
1321 1685 1398 1745 ἀλλά
1412 1683 1451 1763 τῷ
1466 1685 1540 1764 ρύσει

347 1789 452 1869 πονηρά
469 1789 607 1865 ἐπιθυμεῖν
621 1791 747 1870 πράττειν
763 1794 872 1850 τοιαῦτα
886 1791 1070 1871 προαιρεῖσθαι
1086 1787 1191 1862 δόξετε.
1208 1813 1282 1870 qnae
1295 1793 1393 1850 omnia
1405 1793 1461 1850 hoo
1472 1811 1540 1849 oon-

348 1896 415 1954 silio
439 1896 498 1955 dioi
521 1901 652 1973 apparet,
675 1901 710 1954 ut
733 1897 784 1974 qui
807 1897 972 1955 auscultare
992 1897 1088 1954 nolint
1107 1900 1143 1956 ab
1158 1896 1299 1955 audiendi
1318 1897 1419 1955 taedio
1442 1898 1541 1973 depel-

349 2001 456 2071 lantur,
473 2001 510 2058 ad
525 2000 667 2058 audiendi
684 2001 815 2058 studium
830 2001 1029 2077 impellantur.

454 2105 511 2162 Sod
533 2105 603 2162 satie
623 2105 683 2163 iam
704 2105 884 2182 disputatum
903 2111 948 2163 est
968 2107 1005 2164 de
1021 2106 1163 2164 audiendi
1178 2126 1310 2165 munere.
1333 2105 1481 2184 reliquum
1497 2111 1543 2164 ost

349 2208 470 2286 utquid
490 2208 523 2266 in
539 2209 696 2285 prooemiis
712 2209 829 2268 dioatur
843 2211 880 2267 de
896 2210 1018 2268 oonsilio
1034 2211 1218 2269 immutando
1234 2230 1424 2288 exponamus.
1446 2216 1542 2286 potest

351 2320 450 2372 orator
468 2318 520 2371 aut
541 2315 663 2390 probare
683 2314 799 2372 consilii
814 2317 850 2373 ab
866 2314 909 2372 eis
924 2316 1001 2391 apud
1018 2334 1090 2392 quos
1106 2315 1293 2374 contionatur
1309 2316 1387 2392 eapti
1403 2315 1542 2372 mutatio-

348 2439 417 2476 nem
431 2422 483 2475 aut
502 2417 680 2494 improbare.
697 2422 798 2476 utrum
812 2437 884 2478 vero
900 2421 1005 2494 probet
1020 2438 1057 2476 an
1076 2418 1233 2495 improbet,
1254 2421 1383 2496 pondere
1403 2423 1485 2496 patet
1504 2439 1543 2476 ex

350 2543 393 2594 ea,
409 2523 441 2580 in
458 2542 515 2601 qua
528 2522 592 2598 ipse
608 2526 661 2594 est,
679 2523 835 2581 sententia.
851 2523 953 2600 itaque
969 2542 1036 2581 oum
1052 2525 1209 2584 demovere
1224 2525 1324 2582 studet
1335 2524 1490 2582 audientes
1506 2525 1542 2581 de

350 2627 404 2703 eis,
428 2646 502 2704 quae
517 2628 690 2703 placuerunt
705 2626 774 2698 illis,
795 2627 853 2704 ipsi
879 2627 1102 2704 displiouerunt,
1118 2629 1194 2686 utile
1210 2648 1272 2686 esse
1287 2630 1460 2706 plerumque
1475 2647 1542 2686 oon-

350 2732 451 2790 silium
472 2731 582 2789 initum
601 2736 780 2789 commutare
803 2731 953 2790 adfirmat:
978 2753 1021 2808 pr.
1044 2737 1094 2802 49,
1111 2751 1124 2790 a
1144 2728 1190 2789 καῖ
1211 2729 1264 2809 γάρ
1280 2733 1313 2788 ἀν
1334 2729 1422 2790 δεινδν
1443 2728 1495 2808 ε’ίη,
1519 2727 1542 2788 εἰ

349 2836 405 2904 τοῖς
424 2835 470 2891 τοῦ
489 2831 630 2912 κρατίστου
652 2833 827 2912 διαμαρτοῦοι
846 2835 877 2893 τδ
896 2833 1031 2914 χείριστον
1052 2834 1158 2913 ἀνάγκη
1179 2837 1304 2915 πράττειν
1321 2832 1436 2913 εἴηκαὶ
1456 2834 1493 2909 μὴ
1513 2834 1543 2892 τδ

351 2935 475 3015 δεύτερον
497 2934 601 2995 ἐκτῶν
621 2937 725 2996 λοιπῶν
747 2933 821 3012 ἐξείη
844 2938 1123 3013 μεταβουλεύσασθαι.
1145 2962 1189 3017 pr.
1208 2946 1258 3012 32,
1275 2960 1287 2999 ιι
1303 2962 1345 3018 sq.
1367 2935 1434 3010 ἀξιῶ
1451 2935 1544 2996 δὲκαὶ

350 3042 420 3115 ὑμᾶς
435 3040 587 3119 ὑπομεῖναι,
608 3039 805 3116 ἐνθυμηθέντας
820 3043 860 3101 δτι
880 3042 942 3102 οίιδὲ
957 3042 992 3102 τά
1012 3047 1057 3102 νῦν
1077 3041 1198 3103 δοκοῦντ’
1209 3039 1303 3114 ἔδοξεν
1324 3046 1356 3102 οῖν
1377 3042 1447 3122 ὑμῖν,
1465 3039 1542 3116 εἰμὴ

350 3145 411 3215 τοὺς
430 3143 532 3222 λόγους
550 3144 679 3219 ἠκούσατ’
693 3141 723 3216 ἐξ
743 3138 781 3204 ὧν
802 3145 966 3222 ἐπείσθητε.
986 3194 992 3206 .
1011 3146 1059 3205 ἐάν
1079 3147 1129 3222 μέν
1150 3149 1414 3228 συμρέρονθέύρητε
1430 3149 1481 3224 (so.
1498 3147 1543 3204 τδν

350 3247 436 3325 λόγον
451 3249 496 3307 τδν
513 3244 680 3332 εἰρημένον),
697 3248 786 3330 ἀγαθῇ
803 3250 871 3332 τύχῃ
886 3249 1025 3310 πείθεσθαι
1039 3248 1091 3334 (so.
1105 3251 1174 3326 ὑμᾶς
1186 3247 1280 3334 ἀξιῶ),
1298 3254 1329 3310 ἀν
1343 3251 1367 3310 δ’
1378 3253 1429 3330 ἀρα
1442 3252 1544 3310 ἕκαστα

351 3353 541 3430 λογιζομένοις
553 3352 732 3433 ἀλλοιότερος
744 3359 822 3435 φανῇ,
839 3353 900 3434 πρὶν
917 3355 1047 3435 ἁμαρτεῖν
1065 3355 1371 3431 μεταβουλευσαμένους
1387 3358 1442 3426 τοῖς
1458 3355 1544 3434 ὀρθῶς

353 3457 445 3534 ἔχουσι
459 3457 621 3536 χρήσασθαι.
637 3481 681 3536 pr.
697 3465 773 3532 28,a
790 3457 837 3517 ἐάν
854 3457 878 3516 δ’
888 3459 1029 3538 ἀκούσητε,
1046 3461 1126 3536 τυχδν
1143 3460 1194 3535 μὲν
1209 3459 1273 3531 ίσως
1284 3462 1335 3519 κάν
1352 3457 1544 3536 μεταπεισθεί-

352 3581 411 3640 ητε,
428 3562 443 3619 δ
459 3559 567 3635 μάλιστ’
578 3561 636 3638 ἐγὼ
651 3561 753 3635 νομίζω
770 3566 941 3640 συνενεγκεῖν
958 3566 989 3620 ἀν
1005 3563 1074 3638 ὑμῖν.

457 3668 565 3725 Contra
584 3668 616 3725 in
637 3687 738 3726 eorum
759 3689 883 3728 numero
903 3690 978 3748 quae
993 3671 1124 3729 maxime
1146 3671 1324 3729 detrimento
1344 3676 1412 3729 sunt
1430 3671 1474 3728 rei
1492 3691 1545 3747 pu-

352 3771 446 3830 blicae
468 3773 589 3847 ponitur
609 3773 651 3844 id,
681 3775 758 3850 quod
781 3774 904 3832 consilia
923 3773 1019 3835 levius
1040 3775 1249 3833 immutantur:
1275 3795 1319 3852 pr.
1338 3778 1387 3846 35,
1409 3795 1420 3832 1
1441 3773 1484 3831 ἵνα
1506 3774 1544 3847 μὴ

354 3871 509 3946 συνέβαινεν
525 3876 542 3934 οἳ
559 3874 593 3948 δὴ
607 3873 653 3932 δύο
666 3877 774 3934 πάντων
787 3873 856 3935 ἐστὶν
869 3875 1100 3935 ἀλυσιτελέστατα
1119 3878 1255 3956 τῇπόλει,
1272 3879 1342 3951 μήτε
1356 3878 1441 3956 πέρας
1458 3876 1545 3952 μηδὲν

355 3978 428 4054 ἔχειν
440 3983 493 4036 τῶν
505 3978 566 4052 ὑμῖν
579 3975 726 4054 δοξάντων,
738 3977 888 4057 παρανοίας
900 3980 924 4038 θ’
933 3981 1010 4054 ὑμεῖς
1024 3983 1258 4057 κατεγιγνώσκετε
1270 3980 1344 4055 ὑμῶν
1359 3982 1444 4040 αύτῶν
1457 4002 1545 4056 μετα-

355 4081 558 4155 βουλευόμενοι.
582 4085 640 4144 huo
656 4086 746 4143 etiam
765 4085 929 4162 pertinent:
954 4107 998 4164 pr.
1016 4091 1066 4158 34,
1083 4106 1096 4144 4
1112 4107 1153 4165 sq.
1172 4084 1228 4160 ἐγὼ
1245 4084 1294 4160 μὲν
1311 4084 1344 4159 δὴ
1361 4091 1462 4144 σιωπᾶν
1477 4088 1510 4144 ἀν
1519 4082 1544 4168 1)

354 4179 433 4266 ᾤμην
454 4185 510 4244 δεῖν
531 4185 559 4244 ἐν
579 4184 618 4264 τῷ
637 4188 756 4265 παρόντι,
779 4185 803 4246 εί
822 4189 953 4263 μένοντας
972 4188 1043 4263 ὑμᾶς
1064 4189 1156 4268 ἐώρων
1179 4186 1219 4267 ἐφ’
1232 4184 1269 4248 ὧν
1291 4186 1403 4261 ἔδοξεν·
1421 4187 1476 4263 εἰμὶ
1492 4191 1545 4270 γάρ

355 4295 407 4348 τῶν
421 4289 512 4349 ἐκεῖνα
527 4292 715 4364 πεπεισμένων
731 4293 872 4372 συμφέρειν
888 4293 966 4367 ὑμῖν·
984 4292 1079 4368 ἐπειδὴ
1093 4293 1117 4351 δ’
1127 4294 1176 4352 ὑπὸ
1189 4298 1241 4352 τῶν
1253 4294 1328 4374 παρὰ
1337 4294 1436 4353 τούτων
1451 4295 1545 4372 λέγων

357 4392 581 4470 μεταβεβλῆσθαί
596 4391 642 4470 μοί
656 4415 727 4466 τινες
743 4395 875 4476 δοκοῦσιν,
888 4397 926 4466 ὡς
943 4394 998 4456 οὔτ’
1008 4397 1099 4472 ἀληθῆ
1116 4396 1266 4475 λέγουσιν’.
1285 4443 1291 4458 .
1309 4395 1420 4470 διδάξω.

462 4633 481 4700 ¹)
502 4631 528 4683 ἀν
541 4635 643 4685 addidit
659 4636 793 4700 Sohaefer,
812 4636 839 4686 id
852 4637 923 4702 quod
935 4637 1015 4688 facile
1028 4639 1116 4688 omitti
1128 4640 1247 4703 potuisse
1260 4644 1366 4704 propter
1379 4641 1546 4691 vicinitatem

357 4719 432 4769 uerbi
451 4719 545 4770 σιωπᾶν
563 4723 747 4787 unusquisque
766 4723 847 4772 ridet.
