3530 5536
868 535 1079 587 „50-

377 715 475 797 ἀρέλοι
493 717 524 777 τδ
532 713 557 801 ¹)
577 719 775 798 γιγνώσκεσθαι
797 716 845 778 καὶ
864 720 894 778 τ“ο
913 726 946 799 τῇ
1001 719 1102 798 έγωγε,
1119 717 1146 778 εί
1158 739 1198 790 τις
1210 718 1296 778 αὑτῶν
1308 718 1447 798 ἀφέλοιτο
1462 721 1566 798 γιγνώ-

376 827 450 903 ρωνῇ
464 823 559 901 λέγειν
572 813 756 901 Ἀττικιστί,
772 823 897 895 πολλοὺς
913 827 946 882 ἂν
999 825 1113 885 σκεσθαι
1124 821 1171 883 καί
1182 825 1212 884 'cb
1224 829 1256 906 τῇ
1269 830 1343 906 ρωνῇ
1355 826 1449 903 λέγειν
1458 817 1567 886 Ἀττι-

375 921 452 1002 οῖμαι
467 927 528 999 τσὺς
540 927 591 1003 μὲν
605 926 749 1008 Ἀρκάδας,
764 927 826 998 τοὺς
838 926 869 987 δὲ
881 929 944 988 llu-
998 933 1069 1006 κῶς,
1084 927 1208 1000 πολλοὺς
1223 929 1255 988 ἂν
1271 923 1347 1004 οἶμαι
1363 928 1425 1001 τοὺς
1440 927 1490 1004 μέν
1502 929 1567 1010 Ἀρ-

374 1053 466 1103 κωνας
495 1033 582 1092 αὑτῶν
605 1027 674 1092 είναι
697 1032 814 1105 νομίσαι.
839 1033 896 1111 ἐγὼ
920 1033 943 1092 δ’
998 1033 1096 1112 κάδοις,
1119 1033 1181 1105 τοὺς
1197 1031 1228 1092 δὲ
1243 1034 1381 1106 Λάκωνας
1396 1035 1482 1093 αὑτῶν
1498 1027 1568 1092 είναι

375 1126 451 1201 οῖδα
467 1137 518 1212 μὲν
535 1138 574 1208 ὡς
584 1137 710 1214 χαλεπὸν
721 1138 759 1200 τὸ
771 1137 805 1196 τὰ
817 1137 945 1210 βέλτιστα
997 1137 1113 1212 νομίσαι.
1130 1138 1186 1214 ἐγὼ
1196 1135 1290 1222 δ’ὑρῶ
1304 1137 1354 1213 μὲν
1364 1139 1403 1210 ὡς
1410 1138 1534 1216 χαλεπὸν
1540 1135 1566 1220 ²)

373 1242 469 1321 λέγειν
486 1239 555 1300 ἐστί·
572 1237 834 1318 συνεξηπατημένων
849 1242 903 1321 γὰρ
919 1243 944 1300 ὑ-

375 1351 433 1421 μῶν
448 1343 495 1405 καὶ
510 1344 564 1405 τῶν
587 1345 637 1421 μέν
653 1346 737 1426 ταυτί,
757 1353 811 1405 τῶν
831 1346 862 1405 δὲ
876 1367 943 1406 ταυ-

373 1449 398 1510 τὶ
414 1450 600 1529 βουλομένων,
616 1447 703 1534 lost)
721 1447 821 1525 μεταξίι
836 1471 876 1522 τις
892 1450 943 1528 ἐγ-

373 1559 454 1636 χειρῇ
469 1553 565 1631 λέγειν
584 1546 663 1638 κᾷθ’
670 1552 696 1637 ³)
713 1554 790 1630 ὑμεῖς
810 1555 849 1630 μὴ
863 1576 943 1636 περι-

997 1241 1031 1300 t&
1043 1241 1172 1316 βέλτιστα
1178 1241 1274 1320 λέγειν
1285 1241 1368 1301 ἐστίν·
1381 1239 1566 1318 συνεξηπατη-

999 1347 1088 1420 μένων
1108 1345 1162 1425 γὰρ
1181 1346 1256 1420 ὑμῶν
1275 1344 1394 1405 καὶτῶν
1415 1345 1466 1422 μὲν
1482 1346 1565 1425 ταυτί,

977 1437 979 1442 ’
996 1455 1050 1508 τῶν
1063 1449 1094 1509 δὲ
1114 1447 1188 1509 ταυτὶ
1204 1445 1425 1533 βσυλομένων,θ)
1441 1449 1481 1512 ἂν
1494 1451 1565 1529 τοδί)

998 1550 1099 1629 μεταξύ
1118 1575 1159 1626 τις
1178 1554 1292 1636 ἐγχειρῇ
1311 1555 1406 1632 λέγειν
1426 1549 1511 1637 noll)
1531 1554 1564 1613 ὑ-

373 1661 474 1734 μένητε
482 1656 506 1740 ⁴)
524 1661 629 1739 μαθεῖν,
645 1663 780 1740 χαριεῖται
796 1659 846 1735 μὲν
862 1661 942 1720 οὑδε-
997 1661 1057 1733 μεῖς
1074 1657 1141 1741 μὴ’)
1153 1656 1345 1739 τεριμένητεί)
1359 1660 1464 1738 μαθεῖν,
1480 1679 1564 1739 χαρι-

372 1764 469 1844 τέροις,
487 1762 699 1838 διαβεβλήσεται
723 1763 754 1823 δὲ
768 1764 835 1844 πρὸς
851 1763 942 1844 ἀμρο-
997 1765 1065 1822 εἷται
1076 1762 1126 1838 μὲν
1139 1762 1299 1842 σὺδετέροις,
1313 1761 1524 1839 διαβεβλήσεται
1534 1762 1565 1822 δὲ

371 1869 473 1947 τέρους.
488 1868 518 1927 οὑ
528 1868 582 1942 μὴν
596 1867 664 1926 ἀλλ’
672 1867 818 1948 αἱρήσομαι
831 1870 942 1944 μᾶλλον
995 1869 1063 1948 πρὸς
1083 1865 1259 1948 ἀμφοτέρους.
1279 1869 1309 1928 οὑ
1330 1868 1383 1943 μὴν
1398 1867 1466 1927 ἀλλ’
1483 1867 1564 1947 αἱρή-

373 1971 462 2054 αθτός,
476 1975 508 2030 ἂν
521 1972 574 2052 σ’ίρα
585 1974 662 2032 τοῦτο
670 1973 758 2052 τσίθω,
772 1973 861 2032 δοκεῖν
870 1974 940 2053 ρλυ-
995 1992 1076 2047 οομαι
1089 1973 1199 2047 μᾶλλον
1213 1973 1302 2052 αὑτός,
1314 1973 1347 2032 ἂν
1361 1973 1414 2053 σ’ίρα
1421 1976 1498 2033 τοῦτο
1505 1975 1563 2032 τισί-

372 2079 456 2157 αρεῖν,
473 2079 490 2151 ί)
505 2076 570 2157 παρ’
578 2076 602 2159 ⁶)
620 2079 637 2136 οἳ
653 2076 782 2150 βέλτιστα
791 2078 893 2152 νομίζω
908 2083 940 2160 τῇ
995 2077 1044 2156 θω,
1062 2077 1151 2136 δοκεῖν
1167 2076 1304 2157 ρλυαρεῖν,
1321 2081 1339 2151 ἢ
1354 2075 1449 2159 παρ’ῑ)
1462 2080 1480 2136 οἳ
1492 2076 1563 2151 βέλ-

371 2180 453 2239 πόλει
463 2181 593 2261 προέσθαι
604 2178 668 2239 τιοὶν
678 2181 748 2256 ὑμᾶς
760 2177 937 2259 ἐξαπατῆσαι.
993 2201 1067 2240 τιστα
1081 2181 1182 2256 νομίζω
1201 2185 1235 2263 τῇ
1254 2181 1336 2240 πόλει
1352 2181 1483 2261 προέσθαι
1497 2179 1563 2242 τισίν

371 2279 464 2360 τὰμὲν
476 2281 520 2344 οὑν
533 2284 727 2365 ἄλλ’ὑστερσν,
739 2283 862 2360 ἐὰνὺμῖν
871 2286 938 2360 βου·
993 2286 1064 2361 ὑμᾶς
1084 2283 1261 2362 ἐξαπατῆσαι.
1292 2286 1327 2345 τὰ
1349 2286 1400 2361 μὲν
1424 2283 1470 2346 οὑν
1494 2282 1562 2346 ἀλλ’

370 2390 499 2466 λσμένοις
514 2387 543 2472 ᾖ,
558 2385 653 2464 λέξω·
669 2389 704 2452 ἐκ
720 2390 750 2450 δὲ
766 2395 819 2450 τῶν
831 2391 937 2465 ὑμολο-
991 2390 1110 2470 ὑστερον,
1126 2390 1166 2453 δία
1180 2391 1240 2466 ὑμῖν
1256 2389 1434 2465 βουλομένοις
1449 2387 1477 2472 ᾖ,
1495 2386 1562 2454 θεί-

369 2496 510 2572 γουμένων
525 2495 569 2554 ὑπ’
581 2495 684 2557 αὐτῶν
696 2491 822 2574 ἄρξομαι,
839 2498 857 2554 οἳ
868 2499 938 2576 κρά-
991 2491 1082 2573 ficol)
1099 2495 1207 2557 ἀπὸδὲ
1219 2493 1273 2554 τῶν
1282 2495 1512 2573 ὁμολογουμένων
1520 2495 1562 2575 ὑφ’

368 2620 443 2659 τιστα
454 2597 565 2679 νομίζω,
583 2598 729 2660 διδάσκειν.
991 2599 1143 2662 ἁπάντων
1151 2598 1277 2679 ἄρξομαι,
1290 2601 1442 2679 ἂκροίτιστα
1450 2599 1561 2679 νομίζω,

963 2702 1139 2787 ξδιδοίσκειν.

473 2811 555 2875 Quae
575 2830 642 2869 oum
661 2811 742 2869 inter
760 2831 791 2869 se
812 2831 956 2888 comparo,
978 2811 1052 2869 illud
1073 2811 1148 2869 mihi
1168 2811 1200 2869 in
1220 2816 1351 2870 mentem
1366 2811 1460 2883 venit,
1481 2813 1559 2888 quod

368 2934 438 2974 vore
454 2915 534 2972 dixit
549 2915 641 2973 Cobet
656 2916 740 2973 Miso.
757 2916 823 2975 orit.
841 2938 868 2992 p.
883 2921 937 2974 42:
958 2903 1056 2992 ‘saepe
1071 2915 1187 2975 videbis
1207 2915 1239 2972 in
1255 2915 1437 2974 orationibus
1451 2915 1560 2991 spuriis

368 3025 398 3077 et
412 3020 444 3077 in
459 3020 529 3077 loois
545 3021 580 3077 ab
596 3019 755 3096 impostore
767 3040 804 3078 ex
817 3022 1017 3079 Demosthene
1030 3020 1186 3096 descriptis
1199 3021 1291 3097 ipsam
1304 3022 1428 3078 oratoris
1439 3040 1560 3078 manum

367 3123 497 3182 fideliter
508 3143 571 3181 esso
583 3130 738 3196 servatam,
752 3144 818 3182 oum
829 3126 861 3183 in
874 3125 1007 3183 oratione
1019 3126 1148 3200 genuina
1159 3126 1254 3183 labem
1266 3126 1395 3202 aliquam
1407 3131 1437 3183 et
1449 3125 1558 3185 vitium

367 3216 570 3305 oonoopiosot.>
579 3223 706 3298 Ἀττικῶς
719 3230 798 3288 onim
811 3231 841 3288 in
854 3250 896 3289 or.
905 3231 991 3288 XVI.
1001 3230 1033 3286 in
1046 3225 1183 3286 Ἀττικιστί
1195 3235 1225 3287 et
1236 3230 1323 3306 paulo
1335 3229 1415 3288 infra
1423 3225 1469 3287 καὶ
1481 3228 1559 3302 ὑμεῖς

367 3333 398 3389 in
418 3320 480 3412 κᾷθ’
489 3331 566 3405 ὑμεῖς
586 3334 792 3409 corrigendum
809 3355 880 3406 osso,
903 3355 1027 3412 quorum
1047 3335 1207 3393 lootionum
1222 3336 1316 3392 altera
1331 3340 1447 3395 servato
1462 3341 1507 3394 ost
1525 3337 1557 3393 in

367 3438 525 3512 prooemio,
539 3438 660 3496 alterius
668 3439 828 3514 vestigium
840 3439 882 3498 ibi
896 3439 926 3496 in
936 3440 1047 3516 optimo
1060 3437 1189 3497 oodiooll
1202 3439 1337 3497 relietum
1352 3433 1459 3520 (κατα),
1471 3459 1557 3497 nemo

367 3561 425 3599 non
440 3543 511 3600 huio
527 3545 667 3602 oonoodet
684 3540 727 3624 (v.
744 3545 819 3604 Nov.
837 3546 916 3602 loott.
934 3565 962 3620 p.
983 3548 1057 3614 10ος
1075 3543 1157 3601 Miso.
1175 3543 1241 3601 orit.
1258 3565 1286 3619 p.
1303 3548 1351 3614 77,
1370 3544 1453 3618 475),
1470 3564 1557 3622 quom

471 3765 491 3830 ¹)
510 3761 623 3830 ἀφέλοιτο
642 3762 669 3815 τὸ
687 3765 760 3831 vulg.

471 3851 491 3916 ²)
510 3852 544 3902 H.
558 3851 576 3900 l.
595 3850 624 3901 τὰ
642 3851 701 3902 add.
720 3851 803 3917 vulg„
823 3869 874 3904 om,
893 3850 912 3900 Σ
922 3848 942 3899 λ’
951 3850 976 3900 ‹l›
986 3849 1017 3904 Ω,

470 3937 491 4005 ³)
510 3930 571 4004 κᾷτα
580 3953 613 3989 ox
623 3935 641 3986 Σ
651 3938 709 3989 eod.
717 3940 848 4004 scriptura
858 3956 919 3988 κατα
928 3939 1035 3990 refinxit
1043 3939 1164 4002 Bekkor3
1173 3939 1314 4006 legebatur
1324 3938 1363 3989 καὶ
1373 3939 1450 4004 ταῦθ’,
1460 3942 1491 3990 cf.
1499 3957 1524 3994 ιι.
1531 3941 1556 3991 d.

469 4024 490 4089 ¹²)
510 4024 554 4074 sic
573 4021 655 4073 ΣΥΦ
666 4023 696 4088 Ω,
714 4018 864 4093 περιμείνητε
883 4025 964 4091 vulg.‚
984 4027 1018 4076 of.
1033 4043 1058 4076 n.
1072 4026 1088 4076 f.

470 4110 489 4177 5)
508 4107 568 4178 ἤπερ
588 4107 602 4159 ὑί
621 4110 639 4160 Σ
649 4114 671 4162 F
682 4109 701 4160 Υ
711 4110 735 4160 (ί)
746 4109 775 4174 Ω,
795 4113 829 4162 cf.
843 4129 869 4162 n.
882 4129 906 4178 g.

467 4199 489 4264 ⁸)
507 4191 543 4262 τδ,
562 4200 633 4265 quod
651 4199 733 4266 vulgo
752 4199 866 4264 additur,
885 4217 937 4251 om.
956 4198 974 4248 Σ
984 4202 1006 4250 Α
1018 4202 1040 4250 F
1051 4197 1070 4248 Υ
1080 4198 1110 4250 Ω.

465 4285 488 4349 ¹¹)
508 4283 664 4353 βουλομένων
675 4287 700 4336 h.
711 4286 729 4338 l.
738 4289 767 4337 in
777 4285 804 4350 Σ,
814 4287 896 4352 vulgo
906 4293 966 4353 post
975 4289 1049 4352 prius
1061 4287 1129 4338 ταυτί
1138 4289 1253 4353 positum
1264 4288 1341 4339 Blass
1351 4290 1427 4338 uncis
1437 4288 1554 4338 inclusit.

466 4369 487 4437 ⁰)
508 4366 547 4422 ἐὰν
565 4370 594 4422 τὰ
611 4373 699 4440 vulg.;
717 4367 744 4421 θίν
763 4390 785 4422 τι
802 4373 874 4424 malo
893 4372 919 4424 Σ.

464 4456 487 4524 θ)
507 4458 550 4509 Sic
573 4458 634 4510 libri
652 4465 758 4526 praetor
776 4461 807 4523 A,
829 4462 858 4509 in
877 4477 929 4525 quo
950 4467 991 4511 ost
1008 4478 1042 4512 m.
1061 4478 1100 4526 pr.
1114 4457 1259 4528 κὰθ’ὑμεῖς;
1282 4457 1343 4512 καθὰ
1361 4459 1428 4529 ὑμεῖς
1447 4462 1554 4512 Aristid.

465 4547 487 4612 ⁸)
507 4542 540 4614 μὴ
560 4563 611 4596 οιιι.
631 4545 657 4596 Σ.

467 4631 486 4699 s)
504 4630 654 4700 περιμείνητε
673 4634 746 4700 vulg.

461 4718 484 4784 g)
504 4715 564 4786 ἤπερ
582 4720 655 4785 vulg.
675 4725 703 4770 ot
721 4737 801 4786 marg.
821 4738 860 4788 γρ.
880 4719 898 4769 Σ
918 4739 951 4771 ιιι.
971 4726 1039 4784 ant.;
1059 4738 1119 4771 oum
1139 4720 1156 4770 Σ
1175 4723 1240 4772 facit
1259 4718 1283 4771 Υ.

463 4805 487 4871 1’)
506 4804 569 4864 λέξω
588 4807 660 4872 vulg.
681 4814 708 4856 ot
727 4823 809 4873 marg.
830 4826 868 4875 γρ.
889 4807 906 4856 Σ
926 4825 958 4858 ιιι.
980 4815 1033 4858 ant.
