3530 5536
529 501 534 528 i

690 526 903 580 ..17-

193 714 411 791 άτυγχάνσυσιν
433 713 595 792 ἐγνωκότες,
617 706 654 771 ὧν
670 713 740 788 ὑμᾶς
761 711 898 786 ἐπιθυμεῖν
919 710 1029 791 οίονται,
1049 714 1132 770 ταῦτα
1150 713 1252 770 ποιεῖτε
1272 709 1393 786 συμβου-

194 817 293 877 λεύειν
311 815 362 899 (sc.
377 817 410 876 ἐκ
421 821 467 877 τοῦ
478 815 595 876 κωλύειν
608 816 669 888 τούς
685 816 870 892 βουλομένους
885 812 1008 897 λέγειν),
1025 818 1130 895 quibus
1145 818 1244 878 verbis
1259 819 1394 876 continu-

194 931 291 983 antur
302 927 390 983 haee:
409 922 465 981 ἔστι
477 921 501 980 δ’
512 921 676 1000 ἁμαρτάνειν
689 920 739 998 μὲν
753 919 928 996 βουλομένων
940 921 971 979 το
983 921 1193 997 συναναγκάζειν
1205 919 1250 978 τὸν
1261 920 1394 1000 παριάνθ,

194 1029 213 1085 οἳ
235 1025 385 1106 βούλεσθε,
408 1027 575 1105 λέγειν...
598 1029 675 1106 quod
698 1029 884 1086 audientium
907 1027 1038 1085 studium
1061 1027 1149 1084 facile
1172 1027 1333 1103 explicabis
1357 1047 1395 1084 cx

195 1134 359 1192 notissima
378 1133 578 1191 multitudinis
594 1133 821 1191 consuetudine:
846 1152 889 1209 pr.
908 1135 957 1203 23,
975 1151 987 1190 a
1008 1129 1065 1207 ἐγὼ
1081 1123 1178 1188 θὀῖδα
1192 1128 1243 1204 μὲν
1258 1129 1339 1207 τοῦθ’,
1356 1130 1396 1188 ὅτι

193 1235 262 1307 τούς
284 1236 458 1307 ἐπαινοῦντας
473 1233 549 1308 ἥδιον
565 1234 761 1314 προσδέχονται
775 1236 875 1306 πάντες
889 1238 942 1292 τῶν
960 1233 1153 1312 ἐπιτιμώντων,
1176 1256 1219 1312 pr.
1239 1240 1314 1305 28,ι
1340 1233 1395 1293 ἔστι

196 1340 252 1414 μὲν
275 1336 321 1400 οῦν
341 1340 371 1398 rb
386 1341 474 1398 κοινθν
491 1339 552 1409 ἔθος
568 1345 621 1398 τῶν
639 1333 776 1398 πλείστων
791 1338 852 1410 τούς
868 1337 919 1413 μὲν
934 1341 1157 1408 συνεπαινοῦντας
1173 1339 1278 1409 ἑαυτοῖς
1293 1338 1307 1395 ύ
1323 1358 1347 1396 τι
1362 1341 1394 1397 ἂν

194 1446 339 1523 πράττωσι
353 1445 451 1522 φιλεῖν,
466 1444 533 1523 προς
549 1443 579 1501 δὲ
594 1442 656 1514 τοὺς
672 1444 849 1519 ἐπιτιμῶντας
866 1442 957 1518 άηθῶς
978 1442 1062 1520 ἔχειν,
1084 1445 1134 1522 qui
1155 1445 1211 1502 loci
1229 1465 1322 1521 paene
1337 1445 1394 1521 ipsi

196 1551 285 1628 loqui
301 1551 451 1612 videntur.

786 1666 814 1723 b.

309 1818 352 1874 pr.
367 1802 420 1868 2,1
436 1795 484 1869 τὴν
500 1793 550 1868 μὲν
566 1793 618 1873 γὰρ
634 1791 774 1852 πολιτείαν
791 1792 986 1871 δημοκρατίαν,
1008 1794 1099 1872 ὥσπερ
1116 1793 1232 1864 άπαντες
1247 1792 1314 1874 ίστε,
1332 1794 1395 1854 ὀνο-

200 1899 323 1972 μάζετε·
339 1904 392 1958 τῶν
409 1897 440 1956 δὲ
455 1883 585 1956 τάναντία
598 1897 680 1978 ταύτῃ
692 1897 832 1974 λεγόντων
845 1891 929 1966 ἐνίους
941 1895 1017 1972 ἥδιον
1030 1892 1178 1968 ἀκούοντας
1189 1897 1254 1977 ὁρῶ,
1271 1901 1308 1958 cf.
1322 1921 1396 1979 quae

199 2003 341 2080 proxime
356 2005 547 2075 antecedunt;
564 2025 608 2080 pr.
623 2009 673 2075 42,
687 2024 698 2060 1
714 2001 880 2061 ἀλλ’ἐκεῖνο
897 2000 1007 2075 μᾶλλον
1020 2000 1053 2059 άν
1065 2021 1104 2071 τις
1122 1999 1233 2072 εἰκότως
1249 2003 1396 2083 θαυμάσαι,

200 2107 234 2164 cb
251 2105 313 2176 τούς
332 2103 440 2177 εῖθάτας
460 2106 530 2180 ὑμᾶς
545 2109 627 2164 ταῦτα
648 2104 700 2186 (sc.
718 2105 778 2176 τοὺς
798 2104 840 2164 ἀεὶ
861 2103 907 2164 καὶ
928 2111 1049 2182 συνεχῶς
1068 2104 1134 2184 ὑπὲρ
1153 2111 1207 2164 τῶν
1226 2105 1396 2186 ὀλιγαρχιῶν

203 2209 435 2284 πολιτευομένους
451 2207 498 2268 καί
514 2212 558 2269 νῦν
573 2212 657 2268 ταῦτα
672 2213 812 2279 ποιοῦντας
829 2206 1042 2292 ἐξελέγχεσθαι)
1056 2208 1195 2281 πολλάκις
1210 2209 1286 2285 ἥδιον
1298 2212 1397 2271 τούτων

204 2315 315 2374 ἀκούειν
330 2317 348 2388 ἢ
363 2319 416 2373 τῶν
432 2314 498 2394 ὑπὲρ
513 2314 588 2388 ὑμῶν
604 2313 753 2394 λεγόντων,
769 2337 813 2392 pr.
832 2320 882 2387 46,
900 2335 912 2374 s
929 2313 983 2373 ἔστι
1000 2313 1049 2389 μὲν
1070 2311 1115 2372 οὖν
1136 2313 1263 2392 χαλεπὸν
1283 2317 1313 2375 rb
1333 2315 1396 2393 παρ’

202 2419 269 2494 ὑμῖν
280 2417 345 2498 ὑπὲρ
357 2417 431 2494 ὑμῶν
445 2419 546 2498 ἐροῦντ’
552 2417 739 2498 άνεστηκέναι,
752 2419 842 2496 ὥσπερ
855 2415 947 2500 ῥᾴδιον
958 2418 988 2477 cb
1000 2419 1062 2477 καθ’
1069 2418 1154 2498 ὑμῶν,
1167 2421 1240 2480 ibid.
1250 2417 1397 2479 δεινότατοι

203 2525 314 2582 πάντων
326 2523 403 2598 ὑμεῖς
415 2523 469 2582 ἐστ’
479 2523 586 2582 ἀκούειν
599 2523 648 2582 ὅτι
661 2523 692 2582 άν
703 2543 743 2592 τις
754 2523 816 2581 καθ’
825 2521 900 2598 ὑμῶν
912 2522 995 2604 λέγῃ.
1007 2521 1030 2605 ¹)
1043 2527 1079 2584 cf.
1090 2525 1163 2583 ibid.
1176 2523 1192 2602 β
1205 2531 1233 2599 2,
1247 2546 1291 2602 pr.
1302 2531 1351 2598 24,
1367 2531 1394 2584 2.

793 2710 818 2750 θ.

310 2823 396 2880 Nunc
417 2823 544 2900 donique
565 2822 595 2878 id
617 2823 695 2899 quod
714 2823 800 2898 paulo
821 2826 889 2879 ante
906 2823 974 2879 dedi
994 2823 1170 2898 promissum
1186 2824 1341 2882 solvamus.
1366 2829 1400 2882 ut

208 2927 290 2985 onim
307 2926 432 3004 scriptor
447 2932 477 2985 ot
491 2927 555 3003 ipse
570 2927 659 2984 anxie
675 2946 692 2984 a
708 2947 738 2984 se
753 2931 886 2985 removet
902 2927 1098 3003 suspicionem
1118 2928 1194 2984 malo
1214 2927 1340 2986 dicentis
1356 2933 1399 2986 at·

207 3051 267 3110 que
286 3032 447 3089 incusantis
469 3036 499 3089 et
518 3051 576 3102 eos,
598 3031 649 3108 qui
669 3032 725 3088 hoc
748 3031 859 3089 crimen
881 3031 936 3088 sibi
952 3031 1091 3102 conflant,
1113 3031 1271 3108 vituperat,
1294 3032 1400 3112 ita'vel

207 3136 337 3193 maxime
353 3135 502 3193 auditores
518 3135 549 3192 in
566 3137 650 3212 culpa
666 3154 728 3192 esse
744 3135 905 3206 contendit,
922 3139 1025 3211 utpote
1041 3135 1092 3212 qui
1109 3136 1145 3193 de
1160 3135 1285 3212 publicis
1301 3138 1400 3211 gravi·

208 3241 320 3316 busque
331 3241 417 3297 rebus
430 3239 581 3298 convocati
591 3245 690 3297 tamen
702 3240 827 3315 privatis
839 3239 980 3298 conviciis
992 3259 1076 3297 aures
1088 3242 1259 3316 praebcant:
1274 3261 1316 3317 pr.
1329 3231 1400 3312 5322

207 3337 269 3420 περὶ
283 3347 390 3421 κοινῶν,
412 3337 434 3399 ὦ
451 3342 476 3400 ά.
489 3342 537 3420 Ἀ,
557 3343 725 3420 πραγμάτων
745 3339 793 3400 καί
813 3341 945 3420 μεγάλων
966 3341 1169 3420 συνειλεγμένοι
1184 3341 1234 3412 τὰς
1249 3339 1320 3413 ἰδίας
1334 3343 1399 3403 λοι-

209 3444 302 3524 δορίας
317 3445 488 3525 ἀκροώμενοι
503 3446 634 3527 κάθησθε,
650 3444 697 3505 καί
709 3446 738 3504 ού
752 3446 865 3506 δύνασθε
876 3447 943 3526 πρὸς
955 3446 1026 3522 ύμάς
1038 3445 1131 3517 αυτούς
1142 3445 1305 3525 λογίσασθαι
1318 3448 1399 3528 τοῦθ’,

210 3550 249 3608 ὅτι
262 3595 269 3610 .
284 3594 290 3609 .
307 3557 395 3630 atque
410 3557 444 3610 ut
460 3553 665 3624 deliberarent,
683 3573 740 3611 non
757 3557 791 3612 ut
806 3558 976 3612 accusarent
991 3558 1042 3611 aut
1056 3553 1200 3612 iudicium
1216 3553 1348 3612 facerent
1363 3555 1399 3611 de

209 3655 316 3733 aliquo,
331 3658 503 3715 convenisse
519 3659 713 3715 admonentur
728 3678 772 3734 pr.
788 3659 846 3729 XI,
864 3658 914 3716 ubi
930 3658 1018 3716 etiam
1036 3658 1169 3717 convicia
1184 3658 1399 3718 adeliberatio-

210 3760 295 3818 nibus
311 3761 491 3820 distinentur
510 3767 540 3820 et
556 3761 628 3839 quid
644 3761 683 3820 sit
698 3763 866 3821 faciendum
882 3762 919 3834 ei,
942 3762 994 3839 qui
1010 3763 1210 3837 excogitatum
1224 3764 1332 3821 habeat
1347 3763 1399 3820 ali·

210 3865 290 3942 quid,
307 3866 443 3924 restricte
459 3865 642 3942 praefinitur.
660 3867 697 3924 cf.
715 3866 805 3925 etiam
821 3886 863 3941 pr.
883 3869 932 3937 20,
950 3887 969 3925 1.

790 4034 818 4090 d.

313 4166 361 4222 Ad
374 4184 525 4235 summam,
535 4163 721 4221 audientium
733 4163 867 4240 plerique
879 4162 1041 4238 plurimum
1053 4163 1188 4221 tribuunt
1200 4163 1309 4233 verbis,
1322 4163 1400 4220 facta

211 4271 312 4324 contra
330 4268 502 4342 neglegunt3
524 4287 582 4324 non
599 4269 685 4345 quale
705 4267 859 4324 consilium
875 4267 914 4325 sit
930 4268 1006 4344 quod
1023 4268 1118 4338 datur,
1139 4268 1190 4324 sed
1207 4266 1258 4344 qui
1274 4267 1333 4325 sint
1348 4266 1399 4344 qui

318 4451 338 4518 ¹)
358 4452 528 4504 Contrarium
547 4456 631 4519 igitur
643 4459 728 4520 agunt
741 4455 787 4516 eis,
806 4467 876 4519 quas
889 4455 1020 4519 praecipit
1032 4453 1227 4503 Demosthenes
1245 4469 1282 4504 or.
1295 4453 1345 4502 XV
1358 4454 1399 4514 31,

211 4541 239 4588 in
257 4540 494 4591 deliberationibus
506 4541 653 4591 vincendos
672 4555 730 4590 esse
748 4541 817 4604 illos,
837 4543 882 4606 qui
901 4527 941 4591 rei
958 4541 1083 4606 publicae
1102 4540 1247 4590 commodis
1265 4539 1400 4590 adversari

212 4627 388 4676 instituerint:
408 4622 501 4694 δεῖγθιρ
519 4624 581 4694 ὑμᾶς
600 4625 790 4694 βουλευομένους
809 4631 927 4694 κρατῆσαι
945 4627 994 4676 τῶν
1012 4623 1123 4676 τάναντία
1143 4629 1171 4694 τῇ
1190 4623 1258 4676 πόλει
1276 4623 1399 4693 παρ’ύμῖν

211 4711 321 4779 πράττειν
343 4711 526 4783 προῃρημένων.
558 4728 603 4764 eos
622 4719 721 4777 autem,
745 4715 792 4779 qui
810 4713 927 4764 hostium
947 4729 1053 4763 causam
1073 4719 1163 4778 agant,
1186 4713 1279 4762 audire
1297 4714 1399 4778 pericu·

212 4799 298 4850 losum
318 4814 375 4850 esse
394 4800 491 4850 dicitur
509 4816 545 4850 or.
559 4801 597 4850 IX
617 4803 657 4851 67.

264 4892 402 4942 Swobodu,
417 4893 449 4933 De
463 4893 673 4943 Demosthprooem.
694 4933 695 4936 ,
1228 4887 1243 4933 2
