3530 5536
688 524 897 577 „11-

190 710 270 787 ρὺσει
281 709 413 786 Θηβαίων
424 757 430 770 .
442 755 449 769 .
459 709 525 768 ἀλλ’
535 707 809 788 ἀπαρασκευοτέρους.
826 705 893 785 φημὶ
905 704 939 780 δὴ
953 706 1008 765 δεῖν
1020 709 1065 765 τοῦ
1077 704 1329 785 παρασκευάζεσθαι
1344 707 1387 763 νῦν

189 817 333 874 ποιεῖσθαι
344 813 392 890 τὴν
405 814 503 894 ἀρχήν,
520 811 615 888 ἐπειδὴ
625 813 696 884 τέως
707 811 839 886 ἠμελεῖτε
851 809 1120 889 τοῡδιαγωνίζεσθαι.
1137 811 1167 868 ob
1182 808 1235 888 γὰρ
1252 807 1388 887 ἀντιλέγω

189 919 221 978 τὸ
238 919 322 997 ὅλον,
344 918 411 978 ἀλλ’
424 917 490 998 ὑπὲρ
505 921 551 977 τοῦ
565 919 664 996 τρόπου
678 921 728 990 τῆς
743 915 928 994 ἐγχειρήσεως
951 913 1128 988 ἐναντιοῦμαι.
1152 935 1210 973 non
1231 915 1389 973 inferiores

191 1025 295 1100 igitur
311 1045 372 1083 esse
387 1029 468 1083 ratus
480 1023 678 1082 Athenienses
690 1021 844 1092 Thebanis,
862 1022 912 1078 sed
928 1021 1025 1078 minus
1040 1021 1198 1078 instructos
1213 1025 1247 1077 ut
1262 1037 1337 1097 quae
1352 1019 1389 1075 ad

190 1131 312 1187 bellum
326 1129 477 1207 pertinent
492 1129 676 1205 provideant,
693 1127 829 1184 hortatur
843 1145 939 1202 neque
953 1125 985 1182 in
1000 1144 1042 1196 re,
1060 1127 1110 1182 sed
1126 1125 1158 1181 in
1173 1125 1258 1181 modo
1273 1127 1390 1180 tantum

191 1235 395 1310 adgrediendi
410 1219 592 1293 adiersatur.
607 1233 709 1309 itaque
724 1232 780 1289 hoo
796 1230 978 1306 prooemium
993 1231 1030 1287 ad
1044 1231 1155 1288 bellum
1167 1230 1312 1306 quoddam
1323 1246 1390 1285 oum

191 1340 350 1398 Thebanis
371 1339 590 1414 suscipiendum
609 1336 748 1414 pertinet,
770 1336 879 1412 dequo
899 1334 976 1392 nihil
996 1333 1156 1392 memoriae
1171 1334 1320 1410 proditum
1335 1337 1388 1404 est,

193 1444 273 1522 quia
288 1464 347 1502 non
362 1448 529 1520 susceptum
544 1447 597 1500 est.
622 1460 798 1520 quamquam
810 1460 845 1498 ea
856 1459 903 1498 res
914 1459 972 1497 non
985 1439 1028 1498 ita
1039 1439 1266 1525 admirationem
1280 1441 1389 1511 moyct.

192 1553 358 1626 postquam
373 1548 453 1606 enim
464 1549 576 1623 Oropus
590 1547 720 1622 impulsu
731 1545 851 1602 exulum
863 1546 900 1602 ol.
914 1548 987 1615 103,
999 1549 1027 1601 3.
1040 1543 1071 1600 in
1084 1545 1290 1602 Thebanorum
1301 1542 1391 1599 fidem

195 1671 232 1710 ac
249 1657 429 1728 potestatem
444 1671 474 1708 se
489 1650 634 1727 permisit,
646 1644 668 1723 ¹)
690 1649 902 1718 contentiones,
924 1668 995 1726 quas
1010 1649 1045 1705 ad
1062 1648 1094 1705 id
1109 1647 1249 1724 temporis
1264 1646 1391 1704 Atheni·

196 1775 288 1814 enses
301 1775 366 1814 cum
378 1755 524 1814 Thebanis
539 1756 712 1825 habuerant,
728 1754 801 1810 adeo
814 1757 916 1810 auctae
930 1757 1007 1824 sunt,
1025 1757 1058 1810 nt
1072 1752 1161 1809 huius
1173 1752 1274 1828 populi
1286 1771 1392 1808 nomon

197 1861 332 1918 Athenis
355 1859 570 1917 odiosissimum
591 1862 677 1929 esset,
699 1858 736 1915 of.
754 1877 796 1915 or.
813 1857 912 1915 XIIII
934 1861 972 1914 33
990 1877 1032 1934 sq.
1054 1860 1163 1934 quanto
1184 1875 1271 1932 opere
1294 1860 1393 1912 autem

196 1963 284 2022 inter
310 1985 340 2022 se
366 1963 604 2034 obtrectaverint,
632 1961 811 2038 perspicitur
833 1961 923 2019 etiam
950 1981 988 2018 ex
1015 1960 1066 2032 eis,
1095 1979 1170 2038 quae
1195 1961 1335 2035 leguntur
1360 1959 1392 2016 in

198 2088 244 2128 or.
262 2069 372 2127 XVIII
394 2073 443 2126 18.
467 2067 499 2124 in
519 2086 576 2144 quo
596 2067 661 2124 odio
682 2067 887 2124 Thebanorum
906 2067 1063 2123 manebant
1082 2065 1289 2136 Athenienses,
1313 2065 1392 2121 unde

197 2173 263 2230 iam
286 2191 360 2249 quae
383 2171 414 2228 in
437 2171 618 2229 orationibus
641 2171 657 2228 I
682 2173 720 2227 26
745 2174 775 2227 et
798 2171 824 2224 V
847 2172 884 2227 15
908 2169 1046 2245 exposuit
1068 2170 1283 2227 Demosthenes
1306 2170 1394 2225 ducta

199 2296 266 2334 esse
279 2281 409 2352 apparet.
424 2295 529 2336 verum
544 2280 643 2332 tamen
658 2274 738 2331 idem
754 2278 860 2345 orator,
878 2273 929 2351 qui
945 2274 1017 2331 talia
1032 2273 1144 2333 civium
1159 2273 1278 2332 auribus
1295 2274 1392 2344 dabat,

199 2385 284 2438 recte
306 2381 397 2438 sensit
416 2398 482 2437 cum
503 2399 603 2437 rerum
626 2373 731 2436 natura
751 2377 843 2453 magis
862 2378 1021 2439 convenire
1040 2380 1144 2436 foedus
1164 2398 1230 2437 eum
1246 2377 1393 2435 Thebanis

200 2485 302 2542 facere
322 2504 410 2562 quam
429 2483 598 2542 societatem
617 2483 694 2541 inire
714 2502 780 2541 cum
800 2484 948 2541 communi
968 2484 1108 2542 Graeciae
1127 2485 1220 2554 hoste,
1245 2483 1393 2558 Philippo.

201 2589 283 2665 quod
306 2589 331 2645 si
350 2589 399 2648 vel
422 2608 460 2646 cx
483 2587 600 2646 dicendi
622 2587 746 2659 ratione,
771 2607 829 2664 qua
848 2607 917 2645 usus
941 2593 985 2646 est
1008 2608 1050 2647 or.
1066 2589 1167 2646 XIIII
1190 2593 1240 2659 33,
1263 2589 1395 2664 perlucet

202 2712 274 2750 eum
296 2693 422 2770 quodam
444 2693 529 2750 modo
552 2692 653 2768 populi
675 2691 896 2750 existimatione
920 2697 1097 2750 commotum
1119 2694 1273 2751 Thebanos
1296 2693 1394 2749 host-es

202 2796 314 2868 dicere,
337 2800 436 2854 tamen
456 2797 488 2853 in
510 2795 614 2872 primis
635 2797 764 2874 Olyntho
785 2816 839 2872 par
859 2797 958 2854 dolum
977 2801 1066 2874 atque
1085 2796 1208 2854 insidias
1228 2800 1395 2873 expugnata
1419 2781 1421 2786 ’

202 2903 293 2960 dabat
305 2921 430 2977 operam,
444 2907 477 2959 ut
488 2921 590 2977 pacem
601 2905 632 2958 et
643 2900 806 2958 amicitiam
818 2901 898 2958 inter
909 2901 1107 2960 Athenienses
1120 2907 1150 2959 et
1162 2903 1314 2960 Thebanos
1326 2920 1394 2959 con·

203 2999 360 3087 ciliaret,²)
376 3006 455 3063 unde
466 3006 525 3064 iam
537 3006 669 3081 profecta
681 3010 749 3062 sunt
760 3025 803 3076 ea,
818 3025 892 3083 quae
907 3006 1032 3081 protulit
1044 3025 1085 3064 or.
1098 3007 1209 3064 XVIII
1224 3011 1294 3077 161,
1307 3010 1397 3083 atque

204 3111 244 3167 ob
260 3130 324 3167 eam
338 3130 400 3167 rem
417 3109 589 3167 criminatus
605 3115 650 3167 est
662 3109 824 3167 Aeschines
839 3111 1079 3181 Demosthenem,
1097 3112 1174 3187 quod
1190 3111 1305 3171 faveret
1319 3111 1395 3168 The·

203 3215 299 3274 banis.
308 3211 333 3293 ³)
357 3216 408 3272 sed
428 3235 465 3272 ne
485 3235 548 3272 rem
569 3215 686 3289 longius
708 3235 876 3292 persequar,
898 3215 995 3291 potuit
1011 3235 1088 3286 sane,
1113 3221 1207 3273 utres
1223 3220 1315 3286 erant,
1336 3215 1395 3272 De-

206 3320 375 3376 mosthenes
395 3319 577 3395 prooemium
597 3338 772 3395 componere
788 3320 823 3376 ad
846 3320 1008 3377 orationem
1024 3320 1151 3378 debello
1168 3339 1234 3377 oum
1249 3318 1396 3377 Thebanis

206 3425 336 3498 gerendo
351 3425 530 3495 habendam;
548 3443 725 3502 quamquam
737 3425 773 3482 de
788 3444 831 3495 eo,
849 3425 927 3501 quod
942 3427 1001 3482 tale
1016 3425 1126 3482 bellum
1141 3426 1265 3500 probare
1275 3423 1397 3483 videtur

206 3528 307 3587 verbis
322 3526 337 3604 ξ
355 3531 372 3584 5
390 3527 419 3585 οὒ
434 3525 487 3604 γὰρ
503 3525 639 3604 ἀντιλέγω
655 3527 685 3584 το
701 3526 777 3606 ὅλον,
799 3526 887 3589 ἀλλ’.
906 3574 912 3586 .
930 3573 938 3586 .
956 3573 964 3604 ,
980 3549 1043 3586 rem
1058 3530 1185 3606 quodam
1200 3529 1285 3585 modo
1301 3528 1333 3585 in
1349 3548 1395 3584 su·

208 3631 370 3707 spicionem
391 3633 494 3692 venire
517 3633 735 3691 concedendum
759 3637 812 3690 est.
849 3634 905 3689 hoc
927 3652 997 3691 vero
1021 3638 1247 3690 consentaneum
1271 3637 1316 3690 est
1338 3633 1395 3704 his,

208 3755 283 3813 quae
299 3736 377 3794 dicta
393 3741 470 3807 sunt,
492 3742 585 3794 certas
601 3737 666 3795 illas
678 3723 736 3807 res,
758 3757 829 3814 quas
844 3737 994 3812 prooemia
1009 3738 1169 3808 continent,
1192 3737 1250 3794 iam
1266 3737 1397 3812 cognitas

207 3846 428 3918 compertasque
444 3841 525 3899 nobis
541 3861 604 3898 esse
616 3861 632 3898 e
644 3842 855 3899 Demosthenis
868 3841 1057 3912 orationibus,
1074 3842 1117 3898 ita
1128 3846 1161 3898 ut
1173 3841 1322 3917 prooemia
1337 3847 1398 3899 tom

208 3945 419 4002 Demosthenis
434 3966 522 4022 quam
541 3945 669 4003 rhetoris
690 3965 752 4003 esse
769 3944 940 4003 existimare
955 3947 1056 4021 possis.
1077 3948 1113 4003 ab
1128 3945 1176 4002 his
1193 3945 1286 4019 igitur
1300 3945 1398 4003 initiis

208 4048 333 4124 profecti
346 4049 376 4106 id
390 4051 466 4126 quod
483 4050 564 4126 prius
578 4049 728 4126 posuimus
743 4053 865 4126 probare
882 4051 1064 4109 conabimur:
1082 4050 1260 4126 prooemia
1275 4050 1397 4107 Demo·

211 4154 351 4210 sthenis
371 4154 511 4211 nomine
531 4155 668 4212 tradita
683 4156 723 4212 ab
738 4174 805 4212 uno
826 4155 967 4213 homine
982 4155 1018 4211 in
1035 4175 1120 4226 eam,
1138 4174 1225 4232 quae
1240 4172 1329 4211 nunc
1345 4157 1398 4210 est
1488 4181 1501 4200 ·

209 4277 342 4328 eorum,
358 4259 504 4316 formam
519 4260 664 4317 redacta
679 4279 764 4316 esse.
781 4260 858 4336 quod
871 4260 914 4317 ita
926 4279 977 4316 nos
989 4264 1137 4335 praestare
1149 4278 1232 4334 posse
1245 4257 1398 4315 existima-

209 4381 283 4432 mus,
299 4367 333 4420 ut
348 4363 476 4438 primum
488 4363 608 4440 quidem
620 4365 657 4420 de
669 4364 712 4420 cis
724 4363 795 4421 loeis
808 4363 947 4434 dicamus,
963 4383 1087 4440 quorum
1100 4361 1297 4421 similitudine
1312 4361 1397 4418 modo

315 4621 334 4684 ¹)
354 4618 394 4669 cf.
413 4619 540 4668 Schaefer
557 4621 570 4668 1
589 4623 630 4670 94.

315 4706 335 4771 ²)
356 4706 424 4756 Vide
443 4706 568 4756 Sohaofer
586 4708 613 4756 II
636 4709 684 4756 178
702 4724 740 4771 sq.

314 4793 335 4858 ³)
353 4793 421 4842 Vide
440 4794 512 4842 locos
531 4808 598 4858 quos
616 4795 749 4858 congessit
767 4793 892 4842 Sohaefer
909 4795 936 4842 11
957 4795 1004 4843 179
1023 4793 1081 4842 adn.
1102 4797 1125 4842 5.
