3530 5536
831 495 1046 547 „52ss

448 685 495 742 Ex
515 681 696 760 amplissima
716 681 847 758 periodo,
869 701 944 759 quae
965 683 996 739 in
1016 682 1113 758 capite
1130 702 1171 741 or.
1187 683 1291 740 VIIII.
1308 682 1457 740 conlocato
1478 683 1532 750 est,

345 787 443 848 verbis
467 787 637 847 ineuntibus
656 788 806 864 verboque
829 785 914 844 finito
930 783 984 864 δρῶ
1001 787 1147 863 decerptis
1163 786 1194 844 in
1210 785 1359 862 prooemio
1377 789 1394 842 6
1411 785 1535 862 parvula

344 891 491 950 sententia
505 884 667 972 fingitur.¹)

448 1114 467 1180 ¹)
486 1111 537 1162 His
554 1110 695 1178 explicatis
712 1111 848 1178 peculiare
867 1111 1000 1177 quoddam
1019 1126 1104 1178 genus
1123 1110 1241 1161 locorum
1261 1125 1447 1177 proponamus,
1466 1125 1532 1174 quos

343 1217 397 1251 non
420 1202 477 1251 sine
500 1214 582 1250 causa
604 1199 637 1250 ab
661 1197 715 1248 illis
738 1199 844 1264 seiungi
867 1199 1009 1249 voluimus.
1046 1197 1127 1248 facile
1151 1199 1222 1248 enim
1245 1199 1405 1264 perspicitur
1423 1211 1480 1246 esse
1503 1197 1532 1244 in

343 1287 580 1338 deliberationibus
599 1285 673 1336 locos
691 1285 829 1350 quosdam,
852 1288 898 1352 qui
917 1291 947 1336 ut
964 1287 1003 1336 ita
1021 1285 1108 1336 dicam
1126 1287 1155 1334 in
1172 1285 1301 1335 tonnulae
1319 1285 1449 1334 abierunt.
1469 1287 1532 1333 suut

343 1375 424 1440 igitur
442 1375 559 1424 nummis
577 1374 713 1423 communi
732 1374 851 1423 omnium
869 1389 921 1423 usu
938 1374 1037 1423 attritis
1055 1388 1110 1423 non
1128 1371 1265 1422 absimiles
1283 1373 1375 1437 itaque
1394 1386 1426 1420 ex
1440 1385 1531 1420 eorum

343 1464 420 1529 copia
446 1466 605 1527 argumenta
626 1467 732 1528 sumpta
759 1461 793 1511 ad
819 1461 1005 1526 quaestionem
1028 1461 1061 1511 de
1084 1466 1194 1512 auctore
1216 1459 1403 1525 explicandam
1430 1458 1532 1508 habent

342 1549 503 1600 cautionem.
527 1547 731 1615 proficiscuntur
743 1553 833 1598 autem
846 1548 875 1597 hi
887 1547 940 1598 loci
952 1548 1008 1598 iere
1020 1548 1054 1598 ab
1068 1549 1107 1597 eis
1119 1549 1166 1614 qui
1178 1552 1225 1597 aut
1238 1548 1331 1597 dicunt
1344 1551 1392 1596 aut
1409 1545 1532 1608 audiunt,

239 1625 242 1632 ¹
341 1641 422 1702 atque
444 1651 461 1686 a
483 1650 596 1702 persona
618 1637 675 1685 eius
697 1637 744 1700 qui
767 1635 832 1686 dicit
854 1635 894 1684 hi:
918 1652 955 1701 pr.
975 1637 1000 1700 4,
1022 1653 1034 1684 a
1057 1631 1141 1684 ἀλλ’δὶ
1159 1631 1289 1703 συμφέρειν
1308 1630 1364 1701 ύμῖν
1383 1630 1475 1700 νομίζω
1494 1631 1529 1697 (v.

341 1741 367 1790 p.
388 1726 419 1774 12
429 1725 470 1789 a):
493 1739 530 1774 or.
549 1725 574 1786 3,
593 1739 617 1771 ss
636 1727 664 1773 et
682 1718 745 1789 [10],
764 1739 774 1771 1
794 1718 810 1771 ά
827 1721 919 1791 νομίζω
938 1720 1076 1790 συμφέρειν,
1095 1739 1131 1772 or.
1152 1723 1192 1785 16,
1211 1738 1236 1770 oa
1255 1717 1337 1770 ἀλλ’θὶ
1355 1717 1447 1788 νομίζω
1466 1735 1530 1787 συμ-

341 1808 421 1878 φέρειν
443 1807 506 1879 ύμῖν.
526 1837 558 1848 -
577 1826 616 1876 pr.
635 1812 659 1873 4,
678 1826 690 1860 a
712 1807 779 1860 ταῦθ’
790 1806 824 1868 ὡς
848 1807 876 1858 ἂν
899 1807 1009 1878 δύνωμαι
1032 1808 1071 1859 διὰ
1094 1805 1253 1878 βραχυτάτων
1277 1806 1325 1875 ἐρῶ
1344 1802 1404 1874 προς
1422 1803 1484 1876 ὑμᾶς
1503 1811 1531 1857 et

342 1898 366 1960 6,
378 1913 390 1947 a
409 1895 445 1962 (v.
457 1914 483 1963 p.
498 1898 530 1946 13
540 1894 580 1963 b):
600 1913 636 1947 or.
650 1898 692 1960 27,
705 1913 716 1945 o
734 1894 867 1962 ποιήσομαι
885 1894 908 1945 δ’
918 1893 952 1955 ὡς
965 1893 993 1944 ἂν
1005 1894 1116 1965 δύνωμαι
1133 1889 1174 1945 διὰ
1191 1893 1350 1964 βραχυτάτων
1365 1891 1420 1952 τούς
1432 1891 1530 1961 λόγους,

341 1983 405 2033 ibid.
417 1985 432 2046 ξ
446 1986 476 2033 12
490 1980 523 2041 ὡς
537 1980 564 2032 to
577 1981 687 2052 bicorpor
699 1980 738 2032 διὰ
750 1979 909 2052 βραχυτάτων
925 1983 971 2049 (sc.
985 1979 1041 2050 ύμῖν
1055 1978 1184 2048 ἐπιδείξω),
1203 1999 1239 2032 or.
1253 1983 1294 2046 36,
1307 1998 1319 2030 s
1332 1978 1366 2040 ὡς
1380 1978 1407 2029 διν
1420 1979 1530 2048 δύνωμαι

341 2066 380 2119 διὰ
399 2066 557 2138 βραχυτάτων
571 2067 643 2119 εἰπεῖν
655 2067 801 2137 πειράσομαι
815 2107 821 2120 .
835 2106 851 2132 .,
870 2069 903 2120 cf.
917 2071 998 2119 etiam
1011 2071 1073 2136 Lys.
1087 2085 1124 2121 or.
1140 2072 1180 2132 12,
1199 2086 1223 2118 ea
1242 2074 1270 2119 et
1284 2071 1324 2132 16,
1343 2086 1363 2118 s.
1388 2084 1443 2119 non
1461 2067 1529 2118 nihil

340 2162 431 2207 autem
454 2157 482 2206 in
505 2157 547 2206 his
570 2157 658 2207 verbis
682 2163 812 2207 mutatum
837 2162 889 2206 est:
914 2154 1012 2224 [Dem]
1037 2173 1074 2206 or.
1093 2159 1136 2220 43,
1160 2174 1183 2205 rs
1206 2154 1395 2223 πειρασόμεθα.
1416 2193 1420 2204 .
1445 2152 1479 2213 ὡς
1502 2152 1529 2203 ἂν

342 2242 448 2310 μάλιστα
471 2241 598 2313 δυνώμεθα
620 2238 660 2293 td
681 2241 841 2312 βραχυτάτων
863 2240 984 2305 ἐπιδεῖξαι,
1008 2245 1070 2310 Lys.
1094 2260 1130 2294 or.
1157 2246 1196 2307 12,
1220 2260 1232 2292 s
1254 2241 1288 2301 ὡς
1313 2241 1340 2292 ἂν
1364 2241 1474 2310 δύνωμαι
1497 2240 1529 2292 δι’

341 2328 479 2400 ἐλαχίστων
501 2328 596 2389 διδάξαι
619 2330 664 2397 (sc.
683 2327 830 2399 πειράσομαι
852 2327 934 2398 ὑμᾶς),
956 2331 1034 2381 Dem.
1054 2347 1091 2384 or.
1110 2333 1152 2394 45,
1175 2348 1187 2380 s
1211 2326 1234 2388 ἐξ
1252 2327 1329 2398 ἀρχῆς
1348 2327 1414 2388 δ’ὡς
1434 2327 1462 2378 ἂν
1479 2318 1529 2387 οἷός

340 2411 395 2468 τ’ὡ
415 2415 454 2467 διὰ
473 2415 633 2486 βραχυτάτων
646 2414 718 2467 εἰπεῖν
730 2414 876 2486 πειράσομαι
890 2455 896 2468 .
910 2455 925 2481 .,
944 2434 980 2468 or.
994 2419 1036 2481 37,
1055 2435 1066 2466 o
1086 2415 1109 2476 ἐξ
1122 2415 1199 2486 ἀρχῆς
1219 2415 1285 2476 δ’ὡς
1305 2414 1331 2466 ἃν
1351 2405 1400 2474 σ’ῖός
1419 2408 1473 2466 τ’ὡ
1492 2414 1530 2466 διὰ

340 2501 500 2572 βραχυτάτων
514 2500 611 2554 Ιἅπαντα
628 2501 657 2553 τὰ
675 2503 813 2573 πραχθέντα
832 2503 979 2573 διηγήσομαι
997 2498 1056 2572 πρδς
1075 2502 1146 2573 ύμῖις,
1166 2520 1202 2554 or.
1216 2506 1258 2568 54,
1275 2521 1286 2553 a
1306 2502 1329 2562 ἐξ
1348 2501 1425 2572 ἀρχῆς
1439 2544 1444 2555 .
1460 2502 1530 2567 ,διη-

340 2590 450 2659 γήσομαι
472 2588 531 2658 πρὸς
551 2588 613 2658 ύμᾶς
636 2588 670 2649 ὡς
694 2588 720 2639 ἂν
744 2580 794 2650 οἶός
817 2583 871 2641 τ’ὡ
894 2588 934 2640 διὰ
956 2589 1116 2660 βραχυτάτων
1141 2590 1233 2657 (habes
1256 2593 1345 2642 tritam
1368 2591 1530 2660 formulam),

339 2680 401 2745 Lys.
421 2695 458 2729 or.
474 2680 516 2742 24,
534 2695 546 2726 4
565 2675 598 2736 ὡς
618 2675 646 2726 διν
665 2668 715 2727 οίόν
734 2695 758 2727 τε
777 2676 816 2727 διὰ
835 2675 994 2745 βραχυτάτων
1014 2675 1062 2745 ἐρῶ
1080 2677 1163 2746 (quod
1181 2680 1228 2742 ita,
1245 2671 1261 2746 ᾖ
1280 2680 1452 2729 coniunctivo
1471 2684 1531 2746 post

339 2759 389 2816 οἰόν
408 2783 432 2816 τε
451 2767 556 2829 omisso,
579 2767 679 2816 dictum
698 2766 866 2831 Frohberger
884 2765 1003 2816 defendit
1021 2771 1115 2816 contra
1133 2780 1188 2830 eos,
1210 2767 1256 2833 qui
1275 2767 1365 2816 tritam
1386 2767 1529 2817 formulam

340 2851 373 2911 ὡς
393 2850 420 2901 ἂν
439 2841 488 2911 οἷός
508 2844 560 2901 τ’ὡ
580 2888 605 2902 ..
625 2851 825 2920 restituebant),
845 2853 877 2902 cf.
891 2854 973 2903 etiam
990 2852 1070 2903 Isocr.
1085 2867 1120 2902 or.
1135 2854 1158 2917 7,
1178 2870 1202 2902 rs
1221 2849 1269 2920 ἐγὼ
1288 2849 1354 2910 δ’ὡς
1374 2850 1401 2901 ἂν
1420 2851 1530 2920 δύνωμαι

340 2939 514 3010 συντομώτατα
529 2982 534 2992 .
548 2983 553 2993 .
567 2938 712 3009 πειράσομαι
725 2938 826 2990 διελθεῖν
838 2937 899 3007 πρύς
913 2937 975 3008 ὑμᾶς
995 2945 1022 2990 et
1037 2942 1076 3004 12,
1090 2957 1126 2990 sss
1145 2938 1179 2998 ὡς
1193 2938 1221 2988 ἂν
1234 2938 1344 3008 δύνωμαι
1356 2938 1530 3009 συντομώτατα

339 3025 486 3096 πειράσομαι
496 3026 608 3091 δηλῶσαι
618 3069 624 3080 .
635 3046 655 3089 .;
670 3026 767 3096 [Dem]
782 3043 818 3078 or.
829 3029 871 3091 40,
884 3045 896 3076 o
910 3025 932 3086 ἐξ
945 3024 1022 3096 ἀρχῆς
1035 3024 1099 3096 ύμῖν,
1112 3025 1145 3085 ὡς
1159 3024 1186 3075 ἂν
1201 3023 1223 3076 ἓν
1236 3025 1397 3096 βραχυτάτοις
1411 3025 1528 3094 δύνωμαι,

339 3113 485 3183 διηγήσομαι
497 3112 526 3164 τά
538 3113 683 3182 πραχθέντα.
708 3115 812 3164 contuli
824 3114 922 3164 deinde
934 3129 995 3164 cum
1013 3131 1051 3180 pr.
1064 3116 1107 3178 47,
1127 3132 1136 3163 ι
1151 3151 1157 3164 .
1172 3111 1286 3183 ,βραχέα
1305 3111 1378 3164 εἰπεῖν
1396 3112 1530 3183 βούλομαιε

339 3204 401 3268 Lys.
420 3219 457 3252 or.
479 3203 518 3264 19,
542 3219 566 3250 so
589 3198 644 3268 περὶ
666 3199 688 3250 δ’
699 3199 803 3270 ἐμαυτοῦ
828 3199 923 3270 βραχέα
946 3198 1067 3269 βούλομαι
1089 3197 1145 3268 ύμῖν
1164 3197 1244 3263 εἰπεῖν,
1266 3201 1368 3251 Andoc.
1388 3216 1424 3252 or.
1446 3204 1468 3264 1,
1492 3219 1528 3250 ιυσ

339 3287 433 3358 βραχέα
451 3286 571 3356 βούλομαι
589 3286 629 3337 καὶ
646 3287 700 3354 περ’·Ι
718 3286 811 3338 τούτων
831 3285 911 3349 εἰπεῖν,
935 3289 1006 3339 Isaei
1025 3305 1062 3338 or.
1084 3291 1105 3351 l,
1126 3306 1148 3338 ιι
1169 3281 1288 3357 βούλομαι
1306 3286 1400 3356 βραχέα
1418 3286 1458 3336 καὶ
1475 3285 1529 3355 περὶ

338 3373 431 3425 τούτων
444 3372 522 3425 αὐτῶν
540 3372 620 3438 εἰπεῖν,
641 3373 773 3443 [Demad]
794 3391 830 3425 or.
850 3371 908 3442 ὑπὲρ
927 3377 968 3439 τῆς
988 3373 1146 3432 δωδεκαετίας
1164 3377 1207 3437 §7
1226 3372 1319 3442 βραχέα
1337 3373 1457 3442 βούλομαι
1475 3372 1529 3442 περὶ

339 3460 410 3528 αύτῆς
424 3460 503 3524 εἰπεῖν,
516 3462 641 3513 Aeschiu.
655 3478 691 3512 or.
707 3464 731 3524 3,
745 3479 781 3511 sno
795 3502 801 3514 .
813 3499 819 3512 .
832 3459 926 3530 βραχέα
938 3459 1060 3529 βούλομαι
1073 3459 1152 3524 εἰπεῖν,
1166 3461 1229 3512 ibid.
1239 3464 1254 3524 β
1264 3464 1313 3511 215
1329 3499 1351 3511 ..
1365 3458 1458 3530 βραχέα
1469 3459 1528 3527 βού-

338 3549 413 3619 λομαι
425 3549 553 3618 προειπεῖν.
579 3565 719 3616 possumus
732 3550 848 3614 denique
861 3550 981 3599 conferre
999 3566 1038 3616 pr.
1052 3552 1094 3612 35,
1112 3567 1124 3598 a
1143 3547 1263 3617 βούλομαι
1282 3546 1356 3617 μικρὰ
1369 3546 1428 3615 πρὸς
1442 3545 1527 3607 αύτούς

339 3634 411 3687 εἰπεῖν
429 3642 457 3688 et
475 3639 498 3701 7,
517 3654 528 3685 o
548 3634 622 3705 papir
639 3633 760 3704 προειπὼν
778 3633 834 3704 ύμῖν
854 3677 879 3688 ..
899 3653 959 3686 cnm
978 3636 1019 3686 his
1037 3636 1115 3688 locis:
1139 3637 1216 3687 Dem.
1236 3652 1272 3686 or.
1293 3637 1334 3698 24,
1353 3653 1365 3684 s
1384 3641 1411 3686 et
1429 3638 1470 3698 21,
1491 3654 1528 3685 ros

338 3722 459 3790 βούλομαι
482 3721 555 3791 μικρὰ
577 3716 636 3789 πρὸς
659 3719 720 3791 ύμῖις
744 3720 829 3784 εἰπεῖν,
852 3738 888 3772 or.
907 3725 950 3785 20,
973 3740 1010 3772 ιον
1034 3720 1083 3791 ἐγὼ
1105 3721 1128 3772 δ’
1139 3719 1175 3773 ἔτι
1199 3719 1274 3790 μικρὰ
1294 3718 1356 3789 πρὸς
1374 3720 1436 3792 ὑμᾶς
1455 3719 1528 3772 είπὼν

338 3809 515 3879 καταβήσομαι,
535 3826 571 3860 or.
585 3811 627 3874 23,
645 3826 683 3858 ars
703 3807 823 3876 βούλομαι
843 3807 918 3879 μικρὰ
935 3806 994 3877 πρὸς
1012 3806 1074 3879 ύμᾶς
1094 3807 1167 3860 εἰπὼν
1186 3807 1335 3874 καταβαίνειν
1355 3810 1398 3876 (σί.
1411 3811 1527 3876 Lycurg.

338 3900 431 3949 Leocr.
449 3899 464 3959 β
479 3899 527 3947 146
547 3894 668 3964 βούλομαι
685 3894 709 3945 δ’
719 3891 753 3946 ἔτι
771 3894 866 3966 βραχέα
882 3890 941 3963 πρὸς
960 3893 1023 3961 ύμῖις
1042 3893 1115 3947 εἰπὼν
1133 3895 1290 3963 καταβῆναι);
1308 3898 1389 3947 Isocr.
1409 3913 1446 3947 or.
1459 3897 1484 3960 8,
1503 3913 1526 3946 νο

337 3984 391 4053 περὶ
408 3983 500 4034 τούτων
519 3981 638 4053 βούλομαι
657 3980 730 4049 μικρὰ
748 3985 876 4049 προειπεῖν,
895 3984 1020 4035 Aeschin.
1034 4000 1071 4034 or.
1085 3985 1109 4047 3,
1128 4001 1153 4033 ss
1173 3981 1246 4052 μικρὰ
1264 3981 1287 4032 δ’
1298 3981 1354 4051 ύμῖν
1373 3980 1431 4051 ύπὲρ
1449 3980 1528 4033 αύτῶν

337 4071 457 4139 προειπεῖν
476 4069 609 4139 βσύλομαι;
627 4073 651 4133 2,
671 4087 708 4120 rso
728 4065 801 4138 μικρά
819 4069 841 4119 δ’
852 4067 924 4120 εἰπὼν
942 4067 988 4134 ἤδη
1008 4068 1153 4136 καταβαίνω.
1169 4100 1201 4108 -
1219 4088 1257 4137 pr.
1273 4073 1313 4134 17,
1332 4088 1344 4120 a
1362 4065 1429 4138 άφεῑς
1448 4061 1528 4120 τᾶλλα

337 4158 414 4210 πάντα
437 4199 443 4210 .
463 4199 468 4210 .
492 4156 637 4225 πειράσομαι
659 4152 718 4225 πρὸς
740 4155 802 4226 ὑμᾶς
826 4155 898 4208 εἰπεῖν
922 4159 957 4224 (ν.
976 4176 1001 4225 p.
1022 4160 1054 4208 13
1064 4159 1103 4224 c):
1127 4164 1268 4224 utramque
1291 4159 1370 4209 huius
1393 4159 1527 4208 enuntiati

338 4252 440 4313 partem
458 4247 487 4295 in
505 4244 693 4295 Demosthenis
712 4245 875 4295 orationibus
894 4245 1127 4311 deprehendimus,
1145 4244 1256 4296 alteram
1277 4247 1317 4307 19,
1336 4262 1373 4294 sse
1392 4250 1420 4295 et
1438 4246 1479 4308 23,
1502 4262 1526 4294 ss

337 4330 414 4384 πάντα
436 4323 593 4398 τᾶλλ’άφείς,
616 4331 728 4383 alteram
750 4330 896 4400 πειράσομαι
918 4327 977 4400 πρὸς
1001 4329 1062 4400 ύμᾶς
1086 4329 1158 4382 εἰπεῖν
1183 4333 1222 4397 16,
1246 4349 1283 4396 τε,
1311 4333 1343 4383 cf.
1364 4333 1445 4382 etiam
1467 4333 1492 4396 8,
1516 4349 1526 4380 ι

338 4418 399 4489 ὑμᾶς
419 4458 445 4472 ..
465 4418 504 4469 δεῖ
518 4414 595 4469 πάντα
612 4409 835 4486 τᾶλλ’άφελόντας,
854 4415 869 4467 δ
886 4419 914 4488 τῇ
934 4417 1003 4468 πόλει
1022 4417 1129 4487 νομίζετε
1149 4416 1287 4487 συμφέρειν,
1307 4420 1381 4469 ταῦτα
1394 4417 1433 4468 καὶ
1451 4416 1526 4487 ψηφί-

337 4506 420 4566 ζεσθαι
442 4505 482 4556 καὶ
504 4503 624 4573 πράττειν,
647 4505 694 4556 ubi
718 4501 849 4572 ἀφελόντας
872 4503 1009 4556 θαύσιιθΣ
1033 4512 1060 4556 et
1082 4507 1161 4572 pr.L
1187 4507 1294 4572 (quibus
1312 4507 1416 4557 accedit
1434 4525 1448 4569 η
1468 4506 1526 4556 cod.

337 4592 443 4644 Moralii
465 4600 496 4643 ut
518 4593 624 4644 videtur
647 4609 666 4644 s.
686 4593 735 4643 XV
754 4592 815 4658 en),
839 4595 921 4643 ceteri
944 4597 1034 4643 autem
1058 4589 1168 4659 ἀφέντας,
1191 4594 1262 4658 quod
1284 4593 1365 4660 vulgo
1388 4599 1525 4660 receptum

337 4680 416 4731 valde
428 4680 530 4747 placuit
539 4681 662 4730 Dobraeo
675 4680 839 4742 Bekkerum,
848 4680 921 4746 quod
930 4675 1061 4745 ἀφελόντας
1071 4682 1223 4746 recepisset,
1236 4682 1353 4746 graviter
1362 4681 1526 4747 vituperanti

338 4773 365 4817 et
383 4767 528 4817 Dindorfio.
554 4773 645 4817 contra
664 4767 762 4816 codicis
781 4769 874 4856 optirpi
892 4769 1039 4832 scripturae
1058 4763 1190 4832 ἀφελόντας
1213 4769 1390 4833 patrocinium
1409 4769 1527 4834 suscepit
