3530 5536
860 485 1075 540 ..30..

475 674 576 731 Talem
596 672 690 748 igitur
704 673 752 733 vel
772 673 803 730 in
825 672 955 730 minimis
971 691 1144 732 eonsensum
1160 694 1217 732 non
1238 675 1374 732 fortunae
1389 673 1443 732 soli
1460 673 1562 732 deberi

371 778 450 836 haud
467 778 525 837 seio
540 797 577 836 an
593 797 678 836 nemo
694 782 853 852 negaturus
869 777 917 836 sit.

936 1041 995 1097 111.

476 1195 622 1258 Quoniam
642 1196 679 1253 de
698 1193 817 1253 dioendi
833 1213 951 1269 genere,
972 1195 1049 1272 qnod
1066 1194 1157 1253 estin
1172 1194 1341 1270 prooemiis,
1363 1195 1433 1254 satis
1449 1195 1563 1254 dietum

371 1319 433 1358 esse
441 1299 569 1370 videtur,
583 1300 619 1357 ad
632 1297 925 1374 compositionem
938 1298 1461 1376 eorumdesoribeudamprogredior.
1475 1317 1563 1376 quum

370 1404 554 1480 provinoiam
573 1404 793 1462 administranti
810 1405 1011 1482 quaerendum
1027 1403 1103 1461 mihi
1125 1424 1189 1462 esse
1203 1404 1332 1476 videtur,
1353 1424 1425 1463 num
1445 1404 1563 1464 omnino

370 1513 422 1566 aut
437 1527 525 1586 quem
536 1508 569 1568 in
581 1511 701 1567 modum
712 1508 928 1585 prooemiorum
940 1513 1042 1567 auotor
1052 1509 1165 1584 fugerit
1176 1509 1285 1581 hiatus,
1303 1509 1374 1587 quid
1388 1509 1496 1568 deinde
1507 1510 1563 1568 tri·

370 1612 468 1670 buerit
483 1613 623 1685 numeris,
640 1614 758 1691 qualem
774 1613 902 1692 denique
918 1633 949 1672 se
965 1614 1139 1673 exhibuerit
1154 1613 1186 1671 in
1201 1613 1331 1690 periodis
1346 1613 1503 1690 fingendis.
1525 1633 1564 1673 ex

370 1717 418 1776 his
438 1722 537 1776 autem
556 1722 590 1776 ut
607 1719 642 1776 de
659 1737 693 1776 eo
710 1718 910 1778 eonieoturam
924 1719 1023 1777 faeere
1039 1719 1136 1790 lineat,
1154 1720 1371 1795 eomparatione
1387 1719 1462 1778 mihi
1478 1724 1563 1778 uten-

370 1824 517 1881 dumosae
533 1823 671 1881 existimo
688 1822 730 1881 ita
745 1823 875 1900 quidem,
896 1827 931 1880 ut
951 1823 1073 1901 quaein
1089 1823 1249 1899 prooemiis
1264 1827 1316 1882 aut
1331 1826 1367 1882 ab
1383 1823 1451 1882 aliis
1466 1825 1563 1883 obser-

369 1934 439 1988 vata
454 1928 557 1988 inveni
569 1932 621 1986 aut
633 1927 695 2005 ipse
708 1928 871 1999 observavi,
889 1931 1065 1986 contendam
1077 1947 1143 1987 oum
1155 1928 1287 1986 exordiis
1297 1928 1486 2004 undeviginti
1498 1947 1563 1987 ora·

369 2031 494 2104 tionum,
512 2051 587 2110 quae
603 2037 671 2090 sunt
686 2032 719 2089 in
739 2051 859 2108 corpore
875 2031 1085 2090 Demosthenis
1100 2032 1267 2091 orationum
1282 2033 1386 2091 ordine
1402 2032 1525 2109 primae.

473 2139 518 2195 Ao
533 2137 662 2213 primum
677 2137 798 2214 quidem
813 2136 845 2194 in
860 2136 981 2194 hiatus
996 2137 1097 2212 fugem
1107 2136 1272 2215 inquirenti
1286 2136 1348 2194 frui
1364 2137 1440 2195 mihi
1455 2137 1564 2195 lioebat

258 2308 260 2317 .
370 2241 490 2316 egregia
504 2241 657 2300 Benseleri
678 2260 775 2317 opera.
785 2233 809 2319 ¹)
830 2239 934 2318 quodsi
953 2260 1022 2310 oum
1042 2260 1076 2299 eo
1092 2240 1220 2318 primum
1236 2241 1287 2319 qui
1303 2261 1393 2318 pausa
1408 2241 1495 2301 faoile
1511 2261 1564 2300 ex-

369 2351 516 2416 ousantur,
524 2339 551 2425 ²)
569 2345 677 2404 deinde
694 2345 745 2422 qui
758 2345 912 2421 particulis
924 2345 1100 2423 quibusdam
1111 2345 1284 2404 necessariis
1295 2343 1352 2424 uui,
1369 2340 1402 2423 εἰ,
1418 2343 1447 2423 ἤ,
1463 2343 1513 2423 ὅτι,
1530 2339 1563 2423 ὦ,

371 2447 409 2523 μή
428 2449 573 2509 similibus
588 2450 637 2509 vel
652 2449 777 2508 artioulo
793 2448 975 2520 efficiuntur,
993 2450 1121 2528 denique
1137 2469 1186 2508 eos
1202 2450 1366 2509 omittimus
1381 2451 1490 2521 hiatus,
1512 2449 1563 2528 qui

370 2553 458 2612 faoile
478 2555 656 2630 apostrophe
672 2553 807 2613 adhibito
824 2554 889 2612 tolli
906 2547 1072 2634 possunt,³)
1094 2554 1125 2611 in
1141 2555 1211 2613 LVI
1226 2555 1383 2631 prooemiis
1398 2556 1429 2613 X
1444 2554 1564 2612 omnino

370 2658 479 2729 hiatus,
496 2657 521 2716 si
536 2655 678 2716 librumZ
695 2657 856 2736 sequimur,
865 2653 891 2738 4)
908 2658 1181 2735 deprehenduntur.
1198 2663 1267 2717 sunt
1277 2664 1377 2717 autem
1388 2659 1434 2717 hi:
1451 2679 1495 2735 pr.
1509 2662 1564 2731 4,1

371 2758 467 2833 ἐπειδὴ
484 2758 535 2839 ἐφ’,
551 2782 595 2838 pr.
614 2767 642 2833 6,
660 2782 671 2820 1
687 2760 742 2839 ὁρῶ
759 2759 847 2840 ὄντας,
863 2783 908 2839 pr.
927 2768 976 2833 27,
994 2783 1020 2820 1:
1041 2783 1088 2822 ex.
1106 2782 1147 2821 or.
1165 2764 1233 2822 XV.
1250 2761 1404 2841 πραχθῆναι
1420 2759 1530 2839 ἀπέχει,
1539 2757 1563 2840 ⁵)

370 2885 414 2942 pr.
433 2871 482 2936 28,
498 2886 510 2924 s
526 2863 626 2939 μέλλω
641 2864 853 2945 ἀπεχθήσεσθαι,
874 2887 918 2943 pr.
937 2873 987 2938 41,
1004 2887 1017 2925 n
1032 2864 1181 2926 σπουδάσαι
1196 2864 1271 2946 ὑπέρ,
1288 2889 1333 2945 pr.
1346 2873 1397 2940 49,
1415 2868 1564 2947 ιπαρεϊναι

372 2967 457 3045 sesag,
474 2970 546 3028 ibid.
564 2971 700 3047 προσεῖναι
718 2968 874 3046 ἐθέλοντας,
884 2966 908 3050 6)
921 2991 964 3048 pr.
980 2975 1030 3042 50,
1047 2969 1227 3048 ιάγωνιεῖιαι
1243 2970 1352 3050 ἔλεγεν,
1369 2992 1412 3049 pr.
1428 2977 1466 3031 51
1480 2971 1562 3030 καθι-

371 3075 465 3132 στάναι
482 3072 539 3152 aba,
555 3095 599 3151 pr.
618 3078 668 3146 56,
685 3095 696 3132 1
713 3074 834 3150 ἡγοῦμαι
849 3067 927 3134 εἶναι.
937 3071 960 3155 ⁷)

476 3279 494 3345 1)
514 3278 554 3329 Cf.
573 3279 607 3328 de
625 3279 700 3330 hiatu
719 3296 743 3345 p.
759 3281 809 3330 154
826 3295 874 3345 sq,
887 3280 1000 3331 Vosmel
1018 3279 1094 3344 proli.
1114 3295 1224 3346 gramm.
1243 3295 1268 3344 p.
1285 3283 1296 3329 1
1311 3286 1376 3346 sqq,
1395 3280 1472 3332 Blass
1491 3281 1559 3348 eloq.

369 3367 424 3417 Ast.
437 3367 477 3416 111
491 3368 513 3427 1,
527 3368 559 3416 97
572 3382 628 3432 sqq.

475 3470 495 3538 2)
514 3469 628 3521 Secutus
646 3486 704 3520 sum
722 3472 751 3520 in
769 3471 819 3521 heo
837 3485 865 3521 re
884 3470 1043 3536 explicanda
1054 3485 1113 3521 eam
1127 3471 1309 3536 distinguendi
1322 3472 1461 3535 rationem,
1479 3487 1561 3538 quam

370 3558 510 3624 amplexus
528 3563 568 3607 est
585 3557 701 3607 Bekker.

475 3661 495 3727 3)
514 3660 553 3711 cf.
566 3661 695 3711 Benseler
713 3677 738 3726 p.
752 3662 792 3710 62.

474 3765 495 3833 ⁴)
514 3766 582 3815 Nam
601 3782 639 3832 pr.
656 3768 703 3830 1‚4
722 3765 770 3815 ubi
788 3765 836 3815 alii
859 3763 922 3815 libri
945 3760 1019 3814 πάλαι
1044 3760 1167 3823 ἐθελοντὰς
1185 3765 1323 3832 praebent,
1342 3763 1361 3814 Σ
1380 3772 1407 3818 et
1425 3763 1445 3815 Υ
1462 3767 1562 3819 babent

370 3848 445 3901 πάλαι
458 3850 578 3913 θέλοντας,
597 3852 669 3918 quod
681 3851 810 3902 Benseler
822 3852 1000 3915 commendat,
1020 3857 1047 3902 et
1059 3869 1096 3918 pr.
1111 3855 1152 3915 12,
1165 3869 1177 3901 a
1196 3850 1214 3900 Σ
1228 3858 1255 3903 et
1267 3850 1321 3902 ud)
1331 3869 1348 3901 v
1361 3854 1488 3904 exhibent
1500 3850 1562 3913 ἀξιό-

369 3990 450 4042 χρεως
463 3989 495 4023 ac
508 3974 604 4024 deinde
617 3971 700 4037 Σεισι,
715 3953 807 4074 Em:
820 3973 894 4038 vulg.
914 3970 979 4037 ἐστι;
1005 3973 1077 4038 quod
1096 3988 1167 4024 nuno
1185 3973 1285 4040 legitur
1303 3970 1423 4044 ἀξιόχρεῴ
1440 3972 1487 4025 εἰσι
1505 3991 1562 4027 ora·

369 4097 444 4146 tione
462 4095 555 4146 hiante
573 4097 674 4162 primus
693 4095 767 4146 dedit
778 4095 878 4145 Reiske
890 4096 916 4160 †,
935 4109 1015 4161 quem
1034 4110 1088 4145 non
1107 4100 1169 4145 sunt
1181 4097 1268 4146 seouti
1280 4096 1440 4148 Turioenses
1453 4102 1480 4148 et
1492 4097 1561 4149 Vos-

370 4183 436 4246 me13
454 4182 494 4232 illi
515 4184 587 4232 enim
606 4184 768 4248 scripserunt
787 4177 918 4251 ἁξιόχρεώς
938 4179 995 4241 ἐστι,
1016 4182 1060 4232 hio
1078 4178 1210 4252 ἀξιόχρεώς
1230 4179 1285 4233 εἰσι.

473 4285 494 4354 ⁵)
512 4286 636 4337 Eundem
654 4287 737 4353 igitur
754 4286 857 4337 hiatum
876 4287 905 4334 in
924 4301 961 4336 or.
975 4287 1032 4336 XV.
1052 4301 1110 4337 esse
1128 4303 1190 4337 mox
1208 4287 1367 4339 videbimus.

473 4391 494 4460 ὓ)
513 4391 658 4442 Benselero
681 4391 771 4456 placet
793 4390 865 4456 quod
883 4390 954 4455 apud
972 4390 1112 4441 Reiekium
1131 4391 1232 4456 legitur
1249 4390 1372 4459 προσεῖναι
1391 4390 1431 4442 καὶ
1450 4389 1561 4452 θέλοντας

369 4479 403 4530 ef.
416 4497 442 4546 p.
460 4481 521 4542 1553
540 4483 568 4528 at
587 4474 758 4527 ΣΒΥΦΩιι
775 4479 804 4527 ἰιι
822 4477 908 4528 formu
926 4474 1051 4536 ἐθέλοντας
1070 4479 1250 4529 consentiunt.

473 4581 493 4650 ⁷)
513 4582 591 4645 Quod
609 4597 681 4632 nuno
700 4582 787 4632 editur
805 4597 842 4646 pr.
858 4583 899 4644 31,
917 4597 928 4630 n
946 4580 974 4631 τὸ
992 4578 1039 4648 γὰρ
1058 4580 1208 4649 καταρᾶσθαι
1227 4579 1491 4650 συμβουλεύσντ’θσως
1511 4577 1562 4634 ἔστ’

370 4663 457 4719 ἄτοπον
480 4670 593 4720 debetur
609 4667 752 4720 Sohaet'sro
766 4669 791 4732 †.
815 4672 878 4718 aute
900 4682 962 4720 eum
980 4668 1062 4734 vulgo
1080 4668 1221 4736 legebatur
1239 4665 1438 4738 συμβισλεθσντι,
1461 4671 1489 4720 in
1508 4685 1561 4736 quo

370 4756 437 4806 nihil
455 4772 514 4807 esse
532 4755 685 4807 offensionis
702 4757 774 4806 idem
792 4755 936 4806 contendit.
955 4760 1046 4808 tamen
1064 4756 1267 4822 praeferendum
1285 4753 1564 4823 oopdooiedovr'iom,
