3530 5536
446 1377 679 1479 CAPUT
721 1375 1130 1480 SECUNDUM.

299 1793 389 1890 Cum
402 1828 500 1904 priore
512 1827 608 1903 capite
623 1827 773 1903 prooemia
789 1826 831 1884 ita
845 1828 1023 1902 perscrutati
1035 1828 1135 1898 simus,
1152 1833 1186 1886 ut
1201 1829 1272 1906 quid
1286 1849 1321 1886 ea
1331 1851 1385 1906 per

192 1954 225 1992 se
240 1933 304 2010 ipsa
318 1934 355 1990 ad
367 1932 567 2011 quaestionem
581 1933 618 1988 de
629 1951 687 1988 uno
701 1932 863 2008 eodemque
875 1935 993 1989 auctore
1005 1932 1221 2008 expediendam
1233 1934 1386 1993 adferrent

191 2039 419 2116 inquireremus,
441 2056 518 2095 nune
533 2037 697 2096 videndum
712 2041 764 2107 est,
787 2056 930 2114 quaenam
946 2036 1022 2094 ratio
1038 2037 1204 2096 intercedat
1218 2037 1298 2096 iuter
1312 2041 1384 2096 haec

192 2143 342 2220 prooemia
363 2147 394 2200 et
414 2141 623 2200 Demosthenis
647 2141 831 2219 aliorumque
854 2141 1010 2199 erutiones.
1042 2143 1119 2220 quod
1142 2162 1208 2200 cum
1231 2149 1383 2218 procerte

190 2249 332 2306 haberem
351 2245 408 2304 uisi
423 2246 583 2321 diligenter
598 2246 754 2321 explanato
770 2263 913 2303 consensu
928 2264 1030 2303 eorum
1049 2247 1187 2317 locorum,
1209 2265 1281 2323 quos
1300 2252 1334 2304 ut
1352 2247 1384 2305 in

192 2351 364 2427 prooemiis,
393 2352 436 2409 ita
457 2351 489 2407 in
513 2349 694 2408 orationibus
716 2349 892 2427 quibusdam
914 2350 1123 2408 Demosthenis
1146 2350 1309 2409 aliorumve
1332 2371 1383 2408 ex·

193 2475 306 2531 pressos
317 2461 368 2513 aut
379 2456 567 2513 adumbratos
579 2455 723 2530 videmus,
735 2473 874 2530 prospere
886 2455 1043 2512 succedere
1054 2473 1112 2511 non
1124 2473 1216 2530 posse,
1233 2454 1265 2512 id
1278 2475 1384 2513 munus

193 2560 339 2637 suscipere
355 2559 504 2618 constitui.
536 2579 594 2636 qua
609 2559 640 2616 in
654 2579 687 2617 re
702 2558 883 2635 perficienda
897 2559 1023 2616 multum
1039 2579 1086 2616 me
1101 2559 1237 2616 adiutum
1251 2579 1314 2617 esse
1330 2560 1382 2631 eis,

194 2683 267 2740 quae
282 2667 318 2723 ab
334 2664 401 2722 aliis
415 2664 477 2722 iam
491 2665 606 2741 pridem
622 2665 776 2723 observata
792 2668 868 2734 suut,
886 2663 1004 2720 silentio
1020 2663 1183 2740 praeterire
1197 2683 1252 2722 nec
1267 2685 1383 2740 possum

193 2787 246 2826 noc
266 2770 367 2826 debeo.
398 2770 542 2846 quaedam
562 2769 643 2826 enim
665 2768 724 2825 iam
746 2768 777 2826 iu
799 2767 919 2825 scholiis
941 2767 1028 2839 iacta,
1051 2768 1137 2844 plura
1156 2787 1173 2825 a
1192 2768 1298 2826 Wolfio
1309 2762 1332 2850 ¹)
1353 2774 1383 2827 et

194 2871 228 2930 G.
244 2874 284 2931 H.
301 2873 459 2931 Schaefero
474 2873 614 2944 indicata,
631 2872 758 2949 plurima
773 2891 790 2930 a
804 2867 969 2948 Dobraeo²)
986 2871 1151 2947 significata
1166 2877 1243 2931 sunt.

295 2978 451 3054 Implicata
462 2983 562 3036 autem
573 2983 617 3035 est
629 2979 684 3035 hae
695 2979 825 3035 locorum
837 2977 993 3034 collatione
1005 2980 1035 3034 et
1046 2977 1111 3053 ipsa
1122 2977 1255 3055 quaestio
1268 2978 1306 3035 de
1317 2997 1384 3036 auo-

193 3084 257 3138 tore
268 3081 494 3156 prooemiorum.
507 3081 584 3141 binis
597 3081 676 3142 enim
688 3085 740 3140 sub
752 3101 844 3138 unum
855 3086 1005 3159 tamquam
1016 3086 1203 3158 conspectum
1215 3082 1385 3158 compositis

193 3182 277 3240 iuxta
292 3184 363 3242 locis
379 3185 612 3243 commodissime
628 3186 817 3262 disceptatur,
834 3190 935 3242 utrum
949 3190 1075 3263 uterquc
1092 3186 1224 3243 eiusdem
1240 3185 1330 3261 pretii
1346 3206 1384 3243 an

193 3288 268 3345 alter
287 3289 379 3346 altero
400 3289 439 3346 sit
454 3289 588 3360 inferior,
612 3295 712 3347 utrum
732 3289 840 3347 deinde
860 3289 939 3347 idem
955 3294 1058 3347 auctor
1073 3292 1223 3349 amborum
1240 3289 1279 3348 sit
1294 3295 1384 3348 statu·

193 3394 285 3450 endus
301 3413 337 3450 an
354 3394 535 3468 singulorum
550 3394 674 3465 diversi3
700 3394 885 3468 cognoscitur
901 3395 1028 3473 denique
1044 3396 1100 3452 hoo
1114 3396 1201 3452 modo
1217 3399 1316 3452 utrum
1332 3415 1383 3452 ex·

194 3498 321 3574 emplum
340 3498 465 3556 formam
480 3503 511 3556 et
526 3499 609 3576 quasi
624 3501 724 3556 notam
738 3500 847 3556 habeat
862 3499 1052 3575 proprietatis
1068 3518 1101 3557 ac
1116 3499 1263 3570 veritatis,
1284 3504 1384 3557 utrum

193 3600 397 3660 similitudinis
408 3607 497 3680 atque
509 3602 696 3661 imitationis.
713 3623 782 3660 nam
789 3603 945 3662 verissime
958 3603 1032 3660 mihi
1045 3602 1157 3660 dixisse
1164 3603 1285 3662 videtur
1292 3603 1385 3660 Cobet

194 3698 292 3784 (Misc.
310 3707 376 3764 crit.
392 3728 420 3783 p.
440 3705 529 3784 160):
545 3695 733 3785 ‘ubicumque
749 3728 821 3767 vera
835 3707 966 3766 imitatio
982 3710 1089 3782 subest,
1107 3712 1186 3765 certa
1200 3713 1230 3765 et
1246 3725 1384 3782 expressa

192 3809 256 3867 eius
271 3811 316 3868 rei
331 3810 459 3886 vestigia
474 3816 505 3869 et
520 3811 631 3870 indicia
645 3800 811 3888 apparent.³
831 3812 937 3890 quodsi
952 3813 1139 3888 exploratum
1154 3816 1199 3869 cst
1214 3811 1289 3869 citra
1304 3811 1383 3871 vori-

192 3919 285 3972 tatem
303 3915 367 3973 fere
387 3935 450 3974 csse
469 3916 707 3987 similitudinem,
732 3936 781 3973 aas
799 3916 957 3993 praecipue
973 3921 1071 3992 partes
1087 3936 1252 3994 sequemur,
1276 3915 1383 3993 quibus

192 4038 250 4076 uon
273 4021 412 4098 aequavit
431 4021 611 4098 propositum
633 4022 784 4098 exemplar
803 4021 838 4093 is,
863 4021 914 4098 qui
935 4021 1073 4096 imaginis
1088 4021 1315 4078 similitudinem
1330 4040 1382 4078 ex·

298 4241 317 4309 ¹)
335 4243 413 4294 Wolf
428 4244 586 4310 plerumque
599 4249 704 4294 tantum
718 4244 823 4294 monuit
835 4244 924 4294 locum
937 4243 1052 4294 similem
1065 4242 1165 4293 alicubi
1177 4247 1277 4305 extare,
1295 4242 1382 4293 veluti

192 4330 226 4380 ad
244 4346 281 4397 pr.
294 4332 337 4394 41,
356 4347 367 4379 a
385 4329 419 4396 (p.
435 4333 510 4394 1449,
530 4333 560 4381 17
574 4331 642 4398 sqq.)
655 4331 723 4381 haec
735 4332 889 4398 adscripsit:
909 4327 1048 4396 ‘quaedam
1067 4329 1119 4380 hue
1138 4329 1268 4380 translata
1286 4334 1382 4379 sunto

192 4418 278 4484 prima
295 4417 459 4482 Olynthiaca
477 4422 505 4468 et
523 4419 643 4469 oratione
662 4413 903 4468 (lhersonesitana.³
927 4432 1007 4483 quam
1030 4431 1123 4482 parum
1146 4421 1237 4466 autem
1260 4416 1382 4467 homines

192 4505 264 4555 docti
282 4519 341 4555 eam
359 4520 416 4555 rem
432 4507 593 4568 curaverint,
611 4506 712 4556 Reiske
730 4507 765 4556 sit
783 4505 914 4572 exemplo,
933 4506 1032 4571 quippe
1051 4505 1098 4569 qui
1115 4503 1150 4554 ad
1168 4519 1206 4569 pr.
1221 4507 1236 4552 2
1255 4501 1291 4569 (p.
1306 4505 1381 4568 1419,

193 4594 225 4642 21
245 4593 313 4658 sqq.)
332 4593 373 4643 his
394 4595 424 4642 in
441 4593 561 4658 margine
580 4593 620 4643 ed.
634 4593 797 4644 Lutatianae
810 4592 903 4658 (Paris.
916 4608 939 4644 a.
955 4590 1032 4657 1570)
1045 4591 1173 4641 inventis:
1192 4584 1343 4639 ’ὄλυνθιακοῦ
1355 4589 1381 4640 Γ.

192 4675 325 4746 προοίμιον’
344 4679 436 4730 addat:
455 4676 584 4729 ‘conferat
601 4679 647 4745 qui
665 4679 747 4730 volet.
766 4680 833 4729 mihi
852 4695 905 4729 non
924 4675 1019 4728 vacat'

296 4767 316 4832 ²)
336 4766 445 4817 Advers.
460 4768 516 4816 crit.
530 4767 558 4816 II
572 4768 621 4815 183
634 4783 691 4832 sqq.
705 4748 736 4816 ct'
745 4767 852 4832 passim.
