3530 5536
841 503 1056 556 ..42-

354 681 429 757 άξιον
449 689 482 745 ἂν
501 687 606 766 φανείη.
627 689 676 748 hic
693 709 810 767 quoque
830 689 912 765 prior
931 709 997 766 pers
1018 689 1145 766 simplex
1164 693 1195 746 et
1214 689 1314 748 brevis
1329 694 1383 760 cst,
1403 689 1548 765 posterior

353 799 452 850 autem
463 794 660 870 amplificatur
672 801 702 852 et
714 794 856 851 dilatatur
867 793 1024 870 participio
1036 794 1184 864 adiuncto,
1201 813 1240 851 ex
1252 813 1309 870 quo
1322 797 1352 850 et
1362 792 1426 869 ipso
1438 795 1548 870 pendet

353 900 511 957 verborum
526 898 747 975 comprehensio
768 898 799 956 in
817 899 951 974 opposita
966 899 1009 956 ita
1024 899 1186 973 discedens,
1203 904 1237 956 ut
1253 899 1338 956 firma
1353 918 1386 956 ac
1401 899 1494 958 solida
1509 899 1549 958 sit

355 1002 418 1060 eius
440 1008 596 1062 structura.
618 1023 662 1078 pr.
681 1008 731 1074 49,
752 1023 765 1060 ι
785 1000 833 1074 τὴν
850 1001 900 1075 μὲν
916 995 961 1060 οὖν
977 1002 1076 1061 τούτων
1093 1000 1211 1074 σπουδὴν
1228 1000 1369 1076 οὐδ’ὑμῶν
1384 999 1449 1071 ίσως
1461 1000 1548 1078 ἀγνο-

354 1108 426 1164 οῦσιν
442 1104 467 1163 οἱ
481 1105 600 1164 πολλοί·
617 1100 626 1188 β
641 1103 683 1163 δεῖ
698 1104 723 1163 δ’
731 1103 798 1184 ὑπὲρ
813 1112 866 1164 τῶν
879 1107 1058 1185 πραγμάτων,
1076 1104 1223 1185 ἐπειδήπερ
1235 1106 1336 1183 γέγονε
1348 1106 1433 1184 λόγου
1445 1110 1547 1186 τυχεῖν,

354 1209 371 1267 ά
385 1229 425 1279 τις
440 1211 547 1288 ἡγεῖται
562 1207 700 1288 κράτιστα,
716 1209 820 1288 λέγειν,
841 1232 884 1288 pr.
904 1217 953 1283 33,
970 1231 983 1270 ε
998 1209 1076 1268 ἀλλὰ
1090 1213 1174 1269 ταῦτα
1192 1209 1241 1284 μὲν
1257 1211 1302 1269 τὸν
1317 1213 1416 1290 χρόνον
1431 1211 1547 1286 ἡσθῆναι

353 1311 494 1388 ποιήσανθ’
503 1315 565 1372 ὅσον
581 1313 614 1372 ἂν
630 1314 710 1395 ῥηθῇ,
728 1314 797 1388 μετὰ
818 1312 848 1373 δὲ
864 1315 935 1373 ταῦτ’
945 1313 1066 1392 οἴχεται·
1082 1310 1091 1398 [ί
1107 1314 1148 1372 δεῖ
1164 1313 1194 1373 δὲ
1209 1311 1337 1392 πράξεώς
1351 1335 1422 1386 τινος
1436 1316 1481 1374 τοι
1493 1315 1547 1374 λέ-

353 1437 436 1494 γοντα
448 1423 561 1496 μανῆναι
573 1419 736 1499 σύμβουλον,
750 1418 784 1478 δι’
792 1422 826 1494 ἣν
839 1465 846 1480 .
862 1464 887 1497 .,
904 1442 948 1497 pr.
964 1427 1013 1492 21,
1027 1440 1039 1478 a
1051 1420 1089 1488 ὡς
1100 1418 1154 1497 γὰρ
1166 1422 1199 1478 ἂν
1211 1421 1344 1496 χρήσαιτό
1353 1441 1404 1498 τις,
1417 1416 1440 1478 ὦ
1453 1420 1479 1478 ά.
1494 1421 1546 1496 Ἀ.,

352 1521 449 1592 καλῶς
465 1522 576 1598 δυνάμει
590 1525 843 1606 παρεσκευασμένῃ,
862 1523 945 1594 οίιτως
958 1524 1035 1597 ὑμεῖς
1048 1521 1162 1582 εἰώθατε
1174 1521 1212 1600 τῷ
1226 1522 1404 1596 βουλεύεσθαι
1416 1525 1545 1602 χρῆσθαι,

353 1621 456 1697 ὀξέως·
472 1622 481 1710 β
497 1626 539 1686 δεῖ
554 1627 585 1687 δέ
602 1627 778 1702 βουλεύεσθαι
791 1627 841 1702 μέν
855 1627 895 1706 ἐφ’
904 1627 1029 1705 ἡσυχίας,
1045 1624 1048 1711 l
1061 1630 1148 1686 ποιεῖν
1161 1623 1237 1687 δὲτὰ
1250 1623 1367 1698 δέξαντα
1379 1629 1449 1702 μετὰ
1461 1648 1545 1686 σπου-

353 1728 413 1808 δῆς,
429 1726 438 1814 ll
452 1730 498 1790 καὶ
514 1731 676 1810 λογίσασθαι
690 1733 773 1808 τοῦθ’,
789 1729 863 1790 ὅτιτί
877 1733 915 1807 μὴ
929 1731 976 1790 καὶ
987 1733 1086 1810 τροφήν
1099 1731 1194 1805 ἱκανὴν
1205 1735 1323 1810 ποριεῖτε
1336 1730 1383 1791 καὶ
1396 1735 1546 1811 στρατηγόν

353 1855 412 1894 τινα
426 1839 471 1894 τοῦ
486 1837 611 1910 πολέμου
626 1841 686 1896 νοῦν
704 1838 804 1914 έχοντα
822 1838 1005 1915 προστήσεσθε
1020 1835 1066 1894 καί
1089 1839 1179 1911 μένειν
1197 1835 1309 1895 ἐπὶτῶν
1326 1838 1394 1896 οθτω
1411 1833 1546 1908 δοξάντων

354 1939 510 2022 ἐθελήσετε,
529 1937 532 2025 l
550 1941 698 2018 ψηφίσμαθ’
708 1941 768 2014 ὑμῖν
783 1943 931 2020 περιέσται,
947 1939 994 2000 καί
1009 1941 1223 2020 παραναλώσετε
1240 1941 1290 2016 μὲν
1305 1942 1385 2000 πάνθ’
1395 1943 1476 2000 ἔτ’άν
1493 1941 1546 1999 δα-

352 2045 499 2124 πανήσητε,
525 2044 625 2118 βελτίω
648 2046 671 2104 δ’
682 2045 737 2105 ουδ’
747 2047 831 2104 ὁτιοῦν
847 2040 880 2103 τὰ
894 2046 1032 2124 πράγματ’
1044 2046 1127 2123 ἐσται,
1148 2048 1263 2123 κρινεῖτε
1281 2045 1305 2103 δ’
1315 2047 1344 2104 δν
1360 2048 1392 2104 ἂν
1410 2045 1546 2120 βούλησθε

353 2147 530 2227 ὀργισθέντες.
548 2157 578 2208 et
593 2153 674 2227 prior
689 2172 755 2228 pars
771 2154 909 2210 etaltera
925 2157 1010 2208 aucta
1025 2157 1056 2208 ct
1072 2156 1174 2208 ornata
1190 2157 1242 2210 est.
1261 2153 1310 2208 sed
1328 2171 1394 2209 oum
1410 2153 1462 2210 illa
1476 2152 1546 2210 sim-

352 2255 457 2332 plicius
474 2255 513 2314 sit
527 2256 662 2328 formata,
679 2256 825 2332 posterior
837 2256 995 2314 manifesto
1009 2256 1040 2312 in
1053 2258 1124 2313 duas
1135 2261 1234 2333 partes
1247 2257 1403 2327 dividitur,
1422 2276 1546 2333 quarum

353 2361 530 2437 praecedens
550 2361 677 2418 discedit
696 2361 728 2418 in
749 2361 882 2437 opposita
903 2362 969 2431 duo,
991 2362 1084 2418 altera
1104 2362 1182 2417 nuda
1202 2381 1305 2436 perse
1325 2361 1446 2438 quidem
1466 2366 1546 2437 pote·

353 2470 458 2524 statem
473 2466 564 2522 hebet
577 2485 671 2525 novae
686 2471 837 2543 tamquam
852 2465 967 2541 periodi
984 2465 1120 2542 obliquae
1133 2465 1345 2524 constructioni
1361 2466 1545 2524 oboedientis

352 2573 440 2646 atque
457 2569 602 2629 divisione
618 2571 697 2628 facta
712 2570 800 2628 latius
815 2570 953 2646 patentis.
970 2589 1013 2644 pr.
1033 2575 1083 2640 26,
1101 2589 1112 2626 1
1128 2565 1178 2642 Είη
1196 2570 1255 2645 μέν,
1272 2563 1294 2625 ὦ
1311 2563 1339 2628 σ’ί.
1356 2568 1407 2646 Ά.,
1424 2565 1546 2647 καὶπερὶ

353 2666 390 2730 ὧν
406 2669 461 2730 νυνί
474 2673 619 2749 τυγχάνετ’
630 2672 857 2748 ἐκκλησιάζοντες
872 2670 918 2730 καί
933 2669 996 2748 περὶ
1011 2677 1063 2729 τῶν
1080 2671 1177 2730 ἄλλων
1194 2672 1318 2730 ἁπάντων
1333 2669 1478 2731 ταῦτακαὶ
1494 2671 1544 2731 δο-

352 2779 450 2834 κοῦντα
465 2775 585 2848 βέλτισθ’
594 2776 654 2852 ὑμῖν
671 2771 797 2836 εἶναικαὶ
810 2776 943 2854 &itaqu
957 2776 1087 2850 άληθῶς·
1100 2770 1109 2859 ΙΙ
1118 2775 1160 2834 δεῖ
1172 2777 1263 2848 μέντοι
1278 2822 1283 2833 .
1299 2823 1305 2836 .
1320 2776 1427 2835 ἐθέλειν
1437 2777 1544 2836 ἀκούειν

354 2886 406 2938 τῶν
423 2880 661 2954 συμβουλευόντων
679 2928 686 2942 .
705 2927 711 2940 .
729 2881 943 2956 ἐνθυμουμένους
956 2875 959 2964 Ι
973 2881 1012 2939 ὅτι
1024 2878 1136 2958 αἰσχρόν
1151 2879 1229 2958 ἐστιν,
1246 2877 1307 2941 ὧά.
1323 2882 1374 2959 Ἀ.,
1390 2885 1433 2940 νῦν
1451 2881 1501 2956 μὲν
1515 2926 1544 2941 ..

354 2985 486 3064 θορυβεῖν,
504 2981 507 3068 ί
524 2986 634 3064 ῐίστερον
651 2985 682 3044 δὲ
700 3032 706 3046 .
725 3030 731 3045 .
749 2985 839 3061 ἡδέως
859 2984 974 3044 ἀκούειν.
998 2989 1035 3044 de
1050 2988 1138 3044 huius
1154 2987 1270 3063 periodi
1285 2992 1369 3063 parte
1384 2989 1547 3064 posteriore

354 3092 433 3150 idom
444 3094 533 3164 valet,
547 3095 623 3170 quod
637 3095 673 3150 de
684 3093 847 3168 posteriore
859 3097 942 3168 parte
955 3092 1035 3149 illius
1048 3091 1172 3167 periodi,
1190 3111 1278 3168 quam
1290 3093 1375 3149 modo
1386 3093 1495 3168 protuli
1507 3113 1546 3150 ex

353 3216 396 3272 pr.
414 3198 630 3267 XXXVIIII.;
648 3203 693 3254 est
708 3197 788 3253 enim
804 3199 962 3256 verborum
978 3197 1118 3254 circuitus
1133 3197 1292 3273 utrubique
1309 3197 1487 3254 simillimus.
1505 3229 1545 3238 -

353 3321 396 3376 pr.
411 3305 461 3371 49,
479 3320 491 3358 1
507 3298 604 3358 Οὐδὲν
615 3301 646 3357 ἂν
663 3295 692 3357 εὖ
708 3298 843 3377 φρονοῦντ’
853 3298 996 3372 ἀντειπεῖν,
1018 3294 1080 3358 ὦτί.
1099 3299 1148 3379 Ἀ,
1166 3300 1276 3378 νομίζω,
1300 3301 1338 3368 ὡς
1354 3301 1405 3376 οὺχ
1420 3299 1546 3358 ἁπάντων

354 3402 458 3480 οίριστὸν
471 3402 525 3462 ἐστι
537 3409 569 3485 τῇ
578 3404 659 3463 πόλει
672 3403 792 3476 μάλιστα
804 3404 854 3477 μὲν
868 3400 898 3473 ἐξ
909 3403 996 3482 ἀρχῆς
1009 3403 1096 3478 μηδὲν
1106 3403 1257 3483 ἀσύμφορον
1269 3406 1403 3483 πράττειν,
1417 3401 1439 3461 εἰ
1453 3403 1484 3462 δὲ
1495 3405 1544 3482 μή,

352 3507 477 3586 παρεῖναι
498 3507 573 3578 eulog
591 3507 653 3579 τοὺς
670 3507 929 3582 ἐναντιωσομένσυς·
952 3503 960 3590 ll
982 3507 1022 3566 δεῖ
1038 3509 1129 3582 μέντοι
1145 3509 1228 3586 τούτῳ
1244 3509 1383 3586 προσεῖναι
1400 3508 1546 3578 ἐθέλοντας

352 3611 458 3671 άκοίειν
474 3611 546 3686 ὑμαῖς
561 3611 607 3671 καὶ
624 3613 807 3672 διδάσκεσθαι.
829 3615 878 3673 hie
894 3615 987 3689 igitur
1002 3616 1083 3692 prior
1098 3635 1164 3692 pars
1180 3616 1385 3692 amplificatur,
1402 3615 1546 3691 posterior

353 3725 454 3777 contra
466 3721 585 3779 brevior
597 3726 651 3779 est.
665 3722 834 3778 continetur
842 3725 940 3778 autem
949 3721 1011 3779 illic
1021 3721 1163 3798 primaria
1171 3721 1320 3778 sententia
1330 3720 1546 3778 constructione

353 3825 470 3903 obliqua
478 3827 635 3902 proposita.
647 3826 775 3883 similem
784 3826 912 3903 denique
922 3826 1000 3883 inter
1012 3846 1042 3883 so
1051 3825 1272 3902 compositionis
1282 3825 1428 3882 rationem
1435 3825 1547 3882 habent

352 3931 438 3988 hacc:
455 3951 499 4007 pr.
517 3935 544 4001 4,
562 3951 574 3988 a
591 3928 714 4005 ἐγὼμὲν
731 3924 775 3987 οὖν
792 3925 845 3988 οὔτ’
857 3927 940 3986 είωθα
957 3927 1154 4006 μακρολογεῖν,
1171 3925 1225 3986 οὔτ’
1236 3927 1277 4005 σίν,
1295 3924 1317 3984 εί
1335 3974 1342 3987 .
1361 3973 1378 4006 .,
1395 3931 1440 3985 νῦν
1457 3925 1545 4006 έχρη-

352 4033 441 4106 σάμην
457 4033 551 4112 τούτῳ,
567 4027 576 4116 ll
591 4033 685 4091 ἀλλ’άί
702 4035 845 4111 συμφέρειν
859 4033 919 4106 ὑμῖν
933 4031 1043 4110 νομίζω,
1059 4032 1134 4091 ταῦθ’
1148 4078 1156 4092 .
1170 4078 1177 4092 .
1191 4032 1246 4110 ἐρῶ
1258 4032 1325 4110 προς
1337 4031 1417 4106 ὑμᾶς,
1433 4054 1477 4110 pr.
1492 4038 1520 4104 6,
1534 4053 1546 4091 2

353 4135 410 4213 ἐγὼ
431 4134 525 4195 δ’σίίτε
545 4139 726 4216 κατηγορήσω
746 4139 864 4214 τήμερον
884 4135 994 4206 οὐδενός
1015 4135 1069 4194 αὕθ’
1081 4136 1270 4213 ὑπσοχήσομαι
1284 4139 1402 4194 τοιοῦτον
1418 4134 1495 4194 οὐδέν
1512 4182 1544 4196 ..

353 4240 408 4299 οὐδ’
421 4241 495 4312 ὅλως
515 4245 567 4299 τῶν
589 4243 675 4300 αὐτῶν
695 4241 797 4310 τούτοις
818 4241 896 4300 οὐδέν
910 4242 1025 4318 ποιήσω,
1046 4235 1054 4324 Η
1075 4239 1141 4299 ἀλλ’
1158 4241 1175 4296 ά
1192 4239 1320 4313 βέλτιστα
1337 4239 1387 4314 μὲν
1402 4243 1458 4311 τοῖς
1472 4236 1546 4316 προί-

351 4365 446 4423 γμαοι,
467 4346 633 4424 συμφέροντα
649 4345 680 4404 δὲ
695 4349 751 4416 τοῖς
767 4345 978 4419 βουλευομένοις
995 4345 1054 4419 ὑμῖν
1070 4345 1199 4422 ἡγοῦμαι,
1215 4345 1290 4402 ταῦθ’
1309 4391 1315 4403 .
1334 4391 1339 4402 .
1359 4342 1440 4403 εἰπὼν
1456 4365 1545 4402 κατα-

352 4449 480 4524 βήσομαι.
501 4452 657 4509 sententiis
676 4473 730 4528 per
749 4453 937 4527 negationem
957 4456 987 4508 et
1008 4451 1245 4508 adfirmationem
1265 4450 1412 4526 expressis
1428 4456 1497 4527 apta
1511 4450 1546 4507 fit

351 4556 499 4632 periodus.

458 4778 476 4842 ¹)
495 4775 569 4828 ταύτὰ
588 4784 615 4828 ct
633 4773 683 4827 ὄνθ’
694 4778 727 4836 ὡς
746 4778 885 4841 Bekker†
903 4779 944 4840 ci,
963 4778 1025 4827 libri
1044 4779 1120 4826 ταῦτα
1138 4784 1165 4827 et
1183 4772 1267 4834 ὅντως.
