3530 5536
710 505 924 558 -75-

843 686 955 747 πολίτου
982 686 1063 766 κρίνω
1090 686 1138 760 την
1165 689 1218 743 τῶν
1244 685 1412 762 πραγμάτων

846 791 979 872 σωτηρίαν
993 788 1049 850 ἀντὶ
1060 794 1110 863 τῆς
1123 788 1151 848 ἐν
1167 787 1204 866 τῷ
1220 787 1314 864 λέγειν
1329 789 1409 866 χάρι-

844 917 891 967 τος
913 895 1052 975 αἱρεῖσθαι.
1083 899 1172 954 Isocr.
1195 914 1236 952 or.
1259 899 1287 964 8,
1313 912 1338 950 lo
1359 896 1412 949 τῶν

847 1000 944 1061 ἐνθάδε
963 1002 1113 1078 παριόντων
1134 997 1157 1057 σί
1179 998 1228 1072 μὲν
1245 999 1262 1055 ἀ
1280 995 1412 1068 βούλεσθε

845 1105 979 1184 λέγοντες
1000 1103 1100 1186 ῥᾳδίως
1122 1099 1258 1174 ἐξαπατᾶν
1275 1101 1412 1158 δύνανται·

845 1210 875 1268 τδ
887 1209 939 1288 γάρ
952 1209 1018 1288 πρδς
1033 1210 1113 1288 χάριν
1127 1205 1208 1286 ῥηθὲν
1225 1205 1360 1264 ἐπισκοτεῖ
1375 1201 1413 1280 τῷ

846 1314 965 1393 καθορᾶν
988 1313 1058 1387 ὑμαῖς
1079 1314 1110 1370 τό
1134 1309 1283 1388 βέλτιστον,
1308 1309 1358 1367 ύπδ
1382 1305 1413 1366 δὲ

847 1423 898 1475 τῶν
920 1417 957 1492 μὴ
977 1418 1045 1496 πρός
1060 1415 1161 1490 ἡδονὴν
1178 1413 1414 1489 συμβουλευόντων

848 1521 925 1581 οθδέν
945 1524 977 1579 ἀν
997 1521 1108 1579 πάθοιτε
1131 1522 1258 1596 τοιοῦτον,
1282 1521 1414 1578 ciusdem

848 1648 890 1686 or.
910 1632 958 1698 12,
980 1646 1018 1685 140
1038 1647 1079 1705 sq.
1097 1621 1168 1699 μηδὲ
1185 1628 1238 1680 τῶν
1249 1623 1320 1702 πρός
1334 1622 1414 1700 χάριν

848 1729 897 1804 μὲν
907 1727 949 1788 ἀεὶ
957 1729 1053 1807 λέγειν
1060 1729 1246 1808 γλιχομένων,
1260 1719 1416 1797 είςπολλάς

848 1832 872 1891 δ’
883 1831 980 1909 ἀηδίας
995 1830 1042 1891 καὶ
1057 1832 1147 1901 λύπας
1162 1831 1224 1900 τούς
1239 1830 1417 1905 πειθομένους

849 1938 1048 2013 ἐμβαλλόντων
1071 1934 1123 2020 (sc.
1141 1933 1278 2008 ἀνέξονται
1293 1935 1342 2010 τὴν
1357 1954 1416 2013 ρω-

848 2041 923 2124 νήν),
941 2039 1017 2101 ἀλλά
1031 2042 1092 2112 τούς
1107 2062 1136 2100 τε
1151 2042 1285 2110 τοιούτους
1297 2040 1417 2110 ἅπαντας

849 2145 987 2224 ἀπείργειν
1008 2147 1060 2205 ἀπὸ
1075 2149 1121 2205 τοῦ
1136 2143 1331 2220 συμβουλεύειν
1347 2144 1417 2201 ἕκα-

849 2270 912 2322 στος
928 2247 1048 2325 οἰήσεται
1065 2250 1131 2310 δεῖν.
1156 2253 1262 2309 Aesch.
1279 2270 1321 2308 or.
1337 2253 1363 2320 3,
1379 2268 1417 2307 τοι

849 2354 880 2413 τό
891 2354 945 2433 γὰρ
961 2352 1003 2413 ἀεὶ
1019 2355 1085 2434 προς
1100 2351 1201 2428 ἡδονὴν
1217 2352 1311 2430 λέγειν
1323 2348 1418 2411 οὑτωσὶ

849 2459 897 2532 τήν
905 2459 986 2518 πόλιν
999 2458 1173 2518 διατέθεικεν.
1192 2451 1338 2542 [Demad]
1351 2454 1417 2536 ὑπὲρ

849 2568 899 2638 τῆς
915 2561 1098 2634 δωδεκαετίας
1113 2563 1128 2641 β
1142 2570 1159 2622 8
1177 2563 1206 2621 σθ
1218 2560 1271 2642 γὰρ
1284 2561 1357 2641 ἐντῇ
1372 2563 1418 2620 τοῦ

851 2666 984 2744 λέγοντος
1003 2669 1092 2746 χάριτι
1113 2667 1154 2725 δεῖ
1170 2665 1354 2725 συνεκπίπτειν
1369 2665 1417 2741 τὴν

851 2777 900 2846 τῆς
914 2769 1042 2851 πατρίδος
1058 2770 1200 2858 σωτηρίαντ

334 2881 399 2944 Qua
416 2880 446 2937 in
458 2900 490 2937 rc
503 2881 644 2957 quosdam
656 2879 844 2956 eloquentiae
858 2879 946 2935 laude
958 2884 1119 2949 aentonico,
1137 2877 1209 2955 quid
1225 2897 1263 2935 ex
1279 2876 1420 2934 orationi-

230 2987 283 3041 bus
302 2984 433 3060 ipsorum
452 2984 496 3042 rei
517 2983 652 3059 publicae
668 2988 845 3042 eventurum
862 2986 948 3053 esset,
969 2982 1047 3039 nihil
1068 3002 1183 3040 curasse
1199 3002 1287 3058 supra
1302 2983 1420 3039 demon-

230 3093 355 3145 stratum
369 3093 415 3146 est
429 3109 458 3163 p.
478 3090 516 3145 15
532 3090 560 3145 b.
591 3089 667 3144 addo
683 3089 736 3144 hos
751 3089 840 3157 locos,
857 3105 930 3163 quos
946 3086 988 3143 ibi
1005 3088 1135 3144 consulto
1151 3086 1284 3161 neglexi:

296 3213 340 3268 pr.
357 3197 407 3262 32,
425 3213 435 3249 1
453 3193 498 3248 νῦν
514 3189 537 3247 δ’
548 3189 613 3248 ἔνιοί
629 3209 674 3264 μοι
691 3189 798 3248 δοκοῦσι

230 3296 381 3352 παντάπασι
401 3294 449 3367 τὴν
470 3293 522 3352 ἀπό
543 3295 694 3372 τοῦλόγου
716 3291 798 3365 δόξαν

231 3399 406 3474 ἠγαπηκότες
417 3403 469 3456 τῶν
483 3397 552 3472 μετά
563 3401 646 3457 ταῦτα
658 3396 798 3474 συμβησο-

232 3504 321 3577 μένων
348 3503 408 3576 ύμῖν
436 3498 544 3584 οθδένῙ)
570 3500 722 3581 φροντίζειν.
753 3525 797 3581 pr.

234 3614 261 3680 9,
283 3630 294 3666 1
310 3604 412 3666 πολλοὶ
427 3610 473 3665 τοῦ
488 3605 522 3665 τά
537 3608 685 3685 πράγματα
699 3606 798 3687 κρίνειν

233 3711 423 3786 ἀμελήσαντες
434 3711 496 3782 τούς
506 3710 609 3788 λόγους
621 3713 741 3789 σκοπεῖν,
754 3712 800 3782 οθς

233 3816 347 3894 ἐροῦσιν,
369 3812 477 3874 εἰώθασι
492 3817 543 3872 κάν
559 3815 662 3886 τούτοις
678 3816 800 3892 ἀρθόνως

233 3920 386 3999 ἐντύχωσιν,
404 3918 519 3994 ἑτοίμως
535 3919 712 3999 δημηγορεῖν.

917 3192 954 3249 cf.
970 3193 1061 3249 lsocr.
1079 3211 1120 3250 or.
1139 3197 1167 3263 8,
1189 3210 1215 3248 aa
1235 3189 1266 3249 ου
1282 3189 1336 3263 μὴν
1352 3187 1419 3247 ἀλλ’

852 3291 1023 3369 αἰσχυνθείην
1051 3294 1092 3371 ἀν,
1121 3290 1144 3352 εί
1171 3287 1283 3371 φανείην
1310 3291 1420 3367 μοῖλλον

853 3397 996 3478 φροντίζων
1019 3403 1068 3471 τῆς
1092 3397 1209 3472 ἐμαυτοῦ
1233 3394 1316 3471 δόξης
1335 3399 1353 3470 ἢ
1373 3404 1422 3472 τῆς

851 3507 945 3576 κοινῆς
958 3502 1101 3582 σωτηρίας.
1119 3511 1220 3561 contra
1230 3505 1311 3562 idem
1322 3503 1422 3561 mullis

852 3614 921 3666 ante
937 3609 1022 3666 annis
1042 3610 1115 3667 haec
1134 3611 1281 3685 professus
1300 3613 1364 3666 erac
1379 3628 1421 3666 or.

853 3717 882 3784 4,
896 3733 922 3771 3:
937 3709 1028 3770 ἱκανόν
1036 3713 1150 3786 νομίσας
1159 3707 1244 3770 ἀθλον
1256 3710 1365 3771 ἔσεσθαί
1377 3732 1422 3786 μοι

853 3815 900 3890 την
925 3811 1008 3886 δόξαν
1031 3817 1079 3891 τὴν
1103 3815 1241 3875 ἀπἀθτοῖι
1264 3819 1313 3874 τοῦ
1335 3815 1422 3892 λόγου

853 3922 1040 3999 γενησομένην
1056 3922 1116 3995 ἥκω
1133 3920 1351 3995 συμβουλεύσων.

336 4028 429 4102 Saepe
442 4027 531 4084 ctiam
544 4027 581 4095 ei,
595 4026 647 4103 qui
660 4027 875 4098 contionantur,
888 4029 961 4086 alios
974 4028 1110 4085 incusant
1118 4033 1207 4104 atquc
1216 4027 1421 4097 criminantur,

233 4137 266 4188 ut
281 4137 333 4188 aut
352 4150 460 4207 poenas
480 4131 645 4188 facinorum
660 4131 691 4187 in
708 4151 738 4188 se
753 4132 948 4190 admissorum
964 4132 1184 4207 subterfugiant
1198 4138 1250 4190 aut
1266 4151 1341 4208 quac
1357 4129 1424 4188 aliia

233 4235 308 4294 vitio
323 4241 444 4295 vertunt
460 4235 517 4312 ipsi
533 4235 650 4292 facilius
666 4235 833 4310 perficiant:

297 4360 340 4416 pr.
359 4345 387 4409 6,
409 4360 420 4396 1
440 4338 470 4395 σθ
485 4336 538 4417 γὰρ
552 4341 723 4415 παραινοῦσιν
739 4337 799 4412 ύμῖν
919 4342 1004 4397 Dcm.
1021 4360 1063 4397 or.
1082 4345 1110 4410 8,
1127 4359 1152 4398 ιτ
1169 4338 1216 4411 τὴν
1232 4337 1316 4417 όργην
1333 4383 1339 4394 .
1358 4385 1365 4397 .
1384 4334 1422 4407 είς

233 4441 298 4521 ὑπὲρ
313 4448 366 4500 τῶν
378 4444 516 4520 παρόντων
533 4441 558 4500 οἱ
572 4443 714 4520 λέγοντες,
732 4442 799 4501 ἀλλ’
853 4442 914 4513 τοὺς
929 4441 994 4520 ὑπὲρ
1010 4442 1085 4516 ὑμῶν
1096 4441 1231 4521 λέγοντας
1243 4441 1276 4500 τὰ
1293 4440 1422 4514 βέλτιστα

235 4547 335 4605 ἑαυτῶν
350 4550 528 4625 κατηγοροῦσι
548 4543 595 4604 καὶ
614 4544 800 4627 λοιδοροῦνται
853 4547 948 4625 τρέψαι
964 4545 1117 4619 βούλονται,
1134 4545 1178 4605 ἵνα
1194 4547 1301 4617 τούτους
1314 4545 1423 4626 κρίνητε

340 4770 358 4834 1)
378 4767 451 4838 μηδὲν
471 4769 545 4819 codd.
564 4771 682 4835 optimae
700 4777 781 4821 notae
801 4768 819 4818 Σ
838 4785 892 4819 non
912 4741 1031 4834 excepto.
