3530 5536
721 465 977 538 -as--¹

853 651 960 730 χρηστὰ
972 653 1147 731 γενήσεσθαι,
1160 647 1323 736 [11011101.
1336 660 1385 730 11,
1398 676 1422 713 21

854 754 892 829 μὴ
913 755 967 837 γὰρ
987 755 1114 838 ὑπολάβῃ
1133 777 1173 827 τις
1193 755 1277 835 ὑμῶν,
1299 754 1333 815 δι’
1351 751 1420 839 dvc)

855 859 966 938 ἐγένετο
988 859 1022 920 τὰ
1042 862 1192 942 πράγματα
1212 839 1298 940 χείρὼ
1320 859 1353 919 τὰ
1372 866 1423 936 τῆς

853 962 972 1042 πόλεως,
995 964 1039 1024 διὰ
1057 944 1156 1026 sobrois
1172 964 1336 1026 obstructius
1352 965 1422 1025 ἀνα-

853 1067 991 1146 λήψεσθαι
1005 1067 1052 1129 καὶ
1067 1070 1229 1149 γενήσεσθαι
1244 1068 1355 1143 βελτίω.

337 1283 393 1340 Η10
421 1282 514 1356 igliur
540 1281 683 1356 expositis
710 1281 769 1338 iam
795 1281 1018 1357 perspiciamus,
1046 1283 1119 1359 quid
1146 1303 1185 1340 ex
1209 1285 1265 1341 bac
1291 1284 1421 1342 locorum

233 1388 387 1444 collatione
403 1387 559 1445 efficiatur.
591 1385 722 1455 exordia,
741 1385 917 1461 quibuscum
932 1386 1076 1463 quaedam
1092 1387 1242 1462 prooemia
1257 1389 1343 1464 plane
1358 1389 1421 1446 fere

234 1493 420 1563 conveniunt,
441 1497 510 1550 sunt
529 1491 690 1568 primarum
705 1491 915 1548 Demosthenis
935 1490 1119 1548 contionum:
1137 1500 1183 1550 'or.
1200 1493 1310 1550 XIIII.
1332 1486 1421 1573 (quae

233 1597 333 1654 habita
353 1598 454 1655 estol.
475 1597 542 1656 CVI
562 1588 599 1675 0),
620 1596 706 1652 XVI.
729 1587 922 1675 (0101111),
943 1596 1021 1652 IIII.
1045 1588 1095 1667 (ol.
1113 1595 1198 1654 CVII
1217 1590 1255 1676 1),
1277 1599 1345 1654 XV.
1368 1592 1420 1677 (ol.

234 1702 316 1758 CVII
330 1695 367 1782 a),
388 1704 414 1760 I.
434 1695 485 1782 (01.
502 1702 585 1758 CVII
600 1693 639 1780 4).
672 1701 802 1776 'temque
823 1700 852 1756 ei
872 1699 939 1770 loci,
962 1719 1033 1777 quos
1054 1704 1084 1757 et
1104 1700 1218 1777 aliquot
1238 1706 1268 1758 ct
1288 1701 1420 1778 pluribus

233 1805 322 1864 etiam
332 1807 432 1865 verbis
448 1805 577 1876 mutatis,
595 1805 713 1876 additis,
731 1804 859 1880 demptis
874 1805 906 1861 in
918 1804 1130 1862 Demosthenis
1146 1805 1326 1863 orationibus
1342 1826 1419 1864 eom·

232 1931 334 1986 parere
354 1910 630 1979 demonstravimus,
652 1908 812 1967 maximam
832 1908 998 1984 partemin
1019 1909 1123 1985 primis
1139 1909 1219 1967 illius
1234 1910 1420 1970 contionibus
1463 1976 1472 1982 ,

229 2047 273 2058 ——
293 2016 335 2072 eis
355 2035 427 2092 quas
447 2035 534 2091 supra
554 2014 694 2084 diximus,
720 2013 826 2090 quibus
846 2015 989 2071 accedunt
1009 2013 1099 2071 etiam
1120 2033 1162 2071 or.
1182 2015 1226 2072 II.
1247 2020 1278 2072 et
1296 2016 1356 2073 III.
1378 2049 1420 2056 —

231 2119 424 2179 inveniuntur
439 2120 526 2197 eique
541 2119 573 2178 in
588 2117 692 2195 primis
708 2117 739 2174 in
756 2138 788 2176 or
798 2120 876 2176 IIII.
893 2123 924 2175 ct
940 2119 1000 2176 III.
1016 2138 1121 2177 verum
1137 2119 1227 2176 etiam
1242 2139 1308 2177 cum
1323 2125 1419 2195 poste-

231 2225 357 2283 rioribus
370 2225 502 2283 eiusdem
514 2205 698 2282 orationibus
706 2224 742 2280 V.
754 2217 806 2301 (ol.
816 2223 918 2280 CVIII
926 2215 963 2302 3),
977 2224 1029 2280 VI.
1041 2217 1093 2304 (ol.
1104 2217 1267 2303 0V11111)‚
1280 2224 1418 2282 XVIIII.

234 2324 286 2409 (ol.
307 2331 426 2388 CVIIII
449 2322 485 2408 1),
510 2329 597 2385 VIII.
623 2320 675 2407 (ol.
691 2326 811 2384 CVHII
832 2319 870 2405 a),
895 2328 999 2384 VIIII.
1026 2321 1077 2406 (ol.
1095 2327 1215 2386 CVHII
1236 2320 1273 2406 3),
1298 2329 1417 2386 XVIII.

232 2427 283 2514 (ol.
300 2434 389 2492 CXII
404 2427 430 2512 a)
447 2432 533 2490 multi
549 2431 605 2489 loci
621 2430 779 2507 prooemiis
795 2434 861 2487 sunt
878 2450 1056 2501 communes,
1077 2432 1154 2508 quod
1171 2431 1292 2508 quidam
1307 2436 1418 2490 temere

231 2540 385 2612 negabant,
406 2558 472 2596 cum
488 2558 523 2596 ea
537 2542 606 2594 ante
622 2556 731 2593 annum
748 2540 809 2593 349
829 2528 880 2616 (ol.
898 2536 982 2593 CVII
996 2529 1022 2615 1)
1045 2536 1206 2612 composita
1221 2557 1283 2595 esse
1299 2543 1418 2596 conten-

230 2645 342 2700 derent.
374 2644 537 2718 complures
558 2641 685 2718 denique
706 2640 1334 2716 0011111000000111101011111100111110010
1355 2663 1418 2700 ora-

229 2748 342 2805 tionum
358 2749 398 2804 X.
416 2753 446 2804 01
461 2747 562 2816 XIII,
584 2765 657 2822 quas
677 2744 825 2802 orationes
845 2744 889 2801 ita
905 2749 939 2801 11
960 2746 1118 2803 traduntur
1132 2746 1343 2804 Demosthenis
1360 2767 1417 2804 non

229 2872 290 2909 0000
311 2856 434 2908 constat.
471 2850 530 2907 iam
550 2850 574 2906 si
595 2851 630 2906 ab
650 2850 707 2906 hoc
727 2853 843 2906 oratore
863 2848 1000 2920 discedis,
1022 2849 1172 2924 prooemia
1192 2850 1321 2926 plurima
1338 2852 1417 2909 haud

230 2955 319 3013 dubie
335 2955 502 3012 communia
519 2955 630 3011 babent
646 2972 712 3010 cum
728 2952 867 3010 Isocratis
883 2952 1072 3023 orationibus,
1094 2953 1126 3010 in
1147 2953 1250 3030 primis
1270 2975 1335 3014 cum
1355 2956 1416 3013 his:

230 3062 316 3118 VIII.
330 3062 399 3117 VII.
412 3060 480 3117 XV.
495 3060 557 3128 VI.,
571 3077 695 3135 quarum
707 3077 748 3114 or.
760 3059 847 3114 VIII.
861 3059 897 3114 ad
910 3058 948 3114 ol.
961 3058 1027 3115 CVI
1042 3054 1090 3134 1),,
1105 3060 1174 3117 VII.
1187 3061 1224 3117 ad
1236 3061 1273 3118 ol.
1287 3061 1353 3118 CVI
1366 3056 1415 3138 ²s3,

229 3166 296 3222 XV.
313 3166 350 3220 ad
373 3166 410 3221 ol.
427 3163 493 3221 CVI
515 3182 536 3233 4,
560 3164 613 3222 VI.
630 3163 666 3218 ad
690 3162 726 3219 ol.
745 3162 811 3219 CVI
827 3162 981 3219 1-CVII
997 3181 1009 3219 a
1024 3164 1194 3222 referendas
1214 3184 1277 3222 esse
1300 3164 1416 3222 scimus.

228 3268 276 3325 1110
291 3268 384 3342 igitur
398 3269 485 3325 rebus
501 3266 652 3342 perpensis
672 3285 867 3342 praepropere
882 3265 1029 3342 quispiam
1045 3266 1171 3324 coniciet
1185 3268 1417 3325 Demosthenem

229 3373 285 3430 sibi
304 3392 378 3442 eam,
400 3373 436 3429 de
456 3391 514 3448 qua
533 3371 640 3444 agitur,
662 3369 879 3447 prooemiorum
900 3369 1103 3428 collectionem
1123 3371 1291 3443 confecisse,
1312 3392 1371 3448 qua
1385 3371 1416 3429 in

229 3477 409 3535 orationibus
429 3475 636 3551 componendis
656 3479 799 3544 uteretur,
823 3473 874 3544 ita,
898 3478 932 3530 11
954 3474 1067 3551 aliquot
1091 3475 1168 3532 locos
1188 3477 1224 3532 ad
1248 3477 1417 3552 exemplum

228 3582 366 3640 Isocratis
377 3582 582 3651 conformatos,
593 3579 675 3637 cuius
687 3577 868 3636 orationibus
879 3577 1057 3654 politissima
1065 3584 1128 3637 arte
1140 3579 1279 3655 perfectis
1290 3600 1358 3638 eum
1370 3581 1415 3637 in·

228 3686 347 3760 genium
368 3705 452 3743 suum
472 3684 634 3742 excoluisse
654 3685 731 3759 apud
756 3702 856 3740 omnes
876 3687 998 3753 constat,
1020 3683 1052 3740 in
1076 3684 1292 3759 prooemiorum
1311 3704 1415 3760 corpus

227 3789 382 3864 reciperet,
406 3793 496 3865 atque
516 3788 655 3847 iuvenem
675 3787 791 3862 saepius
811 3787 849 3844 ad
869 3786 1019 3862 prooemia
1039 3807 1091 3844 sua
1110 3787 1235 3845 rediisse
1247 3775 1294 3846 ¹cx
1313 3788 1415 3867 eisque

227 3893 388 3969 compluria
411 3892 576 3968 sumpsisse,
601 3893 679 3949 und'e
702 3893 829 3970 quodam
851 3892 936 3948 modo
959 3890 1105 3965 originem
1120 3893 1263 3969 explicari
1286 3895 1414 3951 locorum

227 3998 258 4055 in
274 3997 484 4056 Demosthenis
499 3997 681 4055 orationibus
700 3996 745 4054 bis
765 4001 870 4073 terque
889 3995 983 4054 isdem
1004 4015 1096 4072 paene
1111 3996 1210 4055 verbis
1225 4002 1276 4055 aut
1295 3999 1415 4073 paulum

226 4108 341 4160 tantum
356 4101 520 4160 immutatis
531 4101 734 4176 repetitorum,
751 4105 852 4176 postea
863 4105 972 4171 autem,
989 4119 1056 4157 cum
1067 4120 1206 4174 magnum
1221 4101 1280 4158 iam
1296 4101 1413 4158 dicendi

226 4226 311 4263 usum
331 4207 463 4276 haberet,
485 4205 622 4264 liberiore
643 4224 710 4262 eum
730 4223 816 4260 usum
836 4223 899 4261 esse
918 4203 1043 4275 iudicio;
1066 4203 1233 4261 orationum
1253 4209 1350 4262 autem
1371 4205 1410 4260 X.

227 4317 257 4368 et
276 4312 368 4370 XIII.
385 4310 557 4386 scriptorem
577 4329 653 4386 quae
674 4309 706 4366 in
727 4307 770 4365 eis
789 4309 929 4383 leguntur
949 4327 1015 4366 cum
1035 4308 1194 4384 prooemiis
1215 4307 1413 4383 conspirantia

328 4567 350 4634 ¹)
368 4569 434 4618 Post
451 4564 483 4616 δι’
494 4557 527 4616 ὧν
545 4565 673 4632 vulgatur
693 4562 718 4614 ἐκ
735 4566 858 4634 χρηστῶν,
881 4565 953 4630 quod
971 4565 1097 4614 omissum
1117 4565 1203 4614 estin
1222 4558 1277 4610 ΣΥ.
1313 4561 1374 4612 libri
1392 4559 1412 4610 Σ

226 4656 412 4704 auctoritatem
430 4659 540 4704 11011111
558 4652 679 4716 Voamal,
697 4653 777 4713 Weil,
800 4651 877 4701 Blass
895 4653 922 4702 id
940 4652 1081 4714 01010110ος
1104 4655 1198 4700 eontra
1215 4654 1351 4714 receptum
1371 4653 1412 4698 est

12 4731 13 4741 ¹
106 4787 109 4793 .
226 4755 243 4790 a
260 4741 385 4790 Bekkero
404 4746 431 4790 01
448 4740 594 4791 Dindorfio.
632 4745 750 4790 00101111
769 4741 832 4789 vide
850 4754 919 4804 quae
938 4737 1010 4788 Wcil
1028 4737 1062 4789 ad
1080 4737 1104 4786 h.
1124 4737 1141 4786 l.
1154 4736 1300 4786 adnotavit.
