3530 5536
718 528 933 581 ..83-

232 721 320 792 atque
336 715 480 784 omnibus,
497 714 677 790 quicumque
694 715 849 772 consilium
866 713 964 771 daturi
981 718 1057 784 sunt,
1073 715 1198 772 facultas
1210 715 1298 772 detur
1309 715 1419 772 contio·

233 819 322 877 nandi
338 820 405 877 ideo
422 837 537 896 quoque
553 837 672 876 necesse
689 823 741 889 est,
758 838 796 875 ne
808 819 860 895 qui
874 837 952 875 nunc
965 819 1141 876 sententiam
1153 838 1235 876 suam
1247 839 1421 895 expromere

234 923 427 999 probibentur
440 926 551 999 postea,
573 922 597 978 si
613 923 686 998 quid
702 923 853 992 acciderit,
871 941 920 978 eos
935 927 1056 992 vexent,
1073 941 1145 998 quos
1161 922 1334 998 impugnare
1350 922 1420 980 olim

234 1030 417 1088 vetabantur.
449 1029 487 1084 cf.
503 1047 532 1102 p.
551 1032 601 1085 20.

298 1179 341 1235 pr.
364 1163 414 1229 26,
438 1178 449 1215 1
473 1157 515 1215 δεῖ
537 1157 628 1230 μέντοι
647 1152 708 1234 περὶ
728 1175 800 1234 πρα-

234 1261 346 1335 γμάτων
367 1262 499 1338 μεγάλων
520 1259 735 1334 βουλευομένους
754 1257 800 1318 καὶ

234 1370 331 1436 κοινῶς
351 1362 477 1423 ἁπάντων
499 1364 605 1423 ἐθέλειν
626 1364 731 1421 ἀκούειν
746 1371 800 1420 τῶν

235 1468 480 1548 συμβουλευόντων,
505 1470 543 1539 ὡς
563 1466 625 1541 ἐμοὶ
644 1467 728 1547 δοκεῖ,
753 1468 800 1525 ἐν-

235 1575 416 1650 θυμουμένους
437 1575 476 1632 θτι
497 1571 607 1650 αἰσχράν
629 1573 709 1650 ἐστιν,
731 1569 752 1631 ὦ
775 1573 799 1631 ἀ.

237 1679 290 1758 Ἀ.,
305 1682 350 1737 νύν
366 1677 416 1752 μὲν
432 1677 607 1752 βουλομένων
623 1698 646 1734 τι
661 1678 801 1754 παραινεῖν

238 1782 314 1842 ἐνίων
336 1782 468 1861 θορυβεῖν,
490 1782 598 1860 ὕστερον
623 1781 653 1840 δὲ
676 1801 801 1856 κατηγο-

237 1887 350 1966 ρούντων
369 1892 422 1944 τῶν
445 1887 531 1945 αὐτῶν
553 1886 653 1945 τούτων
676 1892 729 1944 τῶν
748 1907 801 1945 ιτε-

235 1993 400 2070 ττραγμένων
415 1990 505 2076 ἡδέως
523 1990 640 2068 ἀκούειν,
662 1993 732 2049 ibid.
750 1989 765 2068 ξ
783 1997 800 2049 2

237 2089 274 2152 ὧν
298 2093 329 2154 δὲ
350 2097 393 2152 νῦν
413 2094 462 2154 σύκ
483 2095 626 2171 ἀνέχεσθε,
649 2095 704 2152 τότ’
717 2095 803 2173 ὀρθῶς

918 1158 1004 1214 Dem.
1021 1176 1063 1214 or.
1082 1159 1110 1228 5,
1129 1176 1141 1215 s
1161 1152 1185 1212 οἱ
1202 1154 1321 1235 μὲνγὰρ
1338 1154 1422 1214 άλλοι

852 1261 952 1329 πάντες
968 1259 1103 1336 άνθρωποι
1117 1260 1169 1339 πρδ
1185 1264 1237 1317 τῶν
1252 1261 1421 1338 πραγμάτων

855 1361 961 1421 εἰώθασι
970 1362 1133 1443 χρῆσθαιτῷ
1146 1363 1333 1442 βουλεύεσθαι,
1346 1365 1423 1439 ὑμεῖς

854 1466 885 1525 δὲ
906 1467 975 1542 μετὰ
995 1467 1029 1525 τὰ
1045 1469 1203 1546 πράγματα.
1237 1468 1269 1526 ἐκ
1285 1467 1315 1527 δὲ
1330 1469 1422 1528 τούτου

854 1571 993 1646 συμβαίνει
1013 1571 1087 1651 παρὰ
1107 1569 1195 1631 πάντα
1214 1574 1259 1631 τδν
1278 1575 1377 1652 χρόνον
1393 1575 1422 1632 δν

855 1670 907 1734 οἷδ’
918 1675 983 1752 ἐγώ,
1000 1676 1044 1734 τδν
1057 1675 1107 1749 μὲν
1121 1667 1160 1745 οἷς
1173 1676 1205 1734 ἀν
1219 1676 1351 1754 ἁμάρτητ’
1362 1677 1423 1736 ἐπι-

854 1779 962 1853 τιμῶντ’
970 1778 1123 1854 εὐδοκιμεῖν
1131 1778 1310 1840 καὶδοκεῖνεύ
1318 1781 1423 1861 λέγειν,

854 1883 887 1942 τὰ
904 1883 934 1942 δὲ
949 1885 1097 1962 πράγματα
1112 1877 1159 1942 καί
1174 1882 1234 1963 περὶ
1252 1879 1288 1943 ὧν
1305 1885 1423 1960 βουλεύ-

855 1989 910 2046 εσθ’
921 1989 1059 2067 ἐκφεύγειν
1076 1989 1155 2064 ὑμᾶς.
1179 1992 1281 2069 itaque
1297 1995 1375 2070 qucd
1392 1994 1423 2052 in

855 2116 897 2153 or.
908 2098 943 2153 V.
956 2097 1053 2153 facere
1066 2097 1206 2153 dicuntur
1214 2098 1422 2170 Athenienses,

238 2196 341 2271 δόξουσι
355 2199 460 2277 λέγειν.
855 2201 885 2257 id
911 2221 949 2258 ne
971 2201 1083 2258 faciant
1105 2201 1287 2277 praecipitur
1306 2203 1337 2260 in
1358 2224 1424 2279 pro-

856 2305 946 2362 oemii
962 2307 1035 2362 loco.

339 2435 426 2491 Nunc
440 2434 603 2505 videamus,
620 2434 692 2511 quid
710 2435 898 2491 statuendum
914 2435 952 2491 sit
968 2435 1004 2491 de
1021 2435 1141 2492 consilio
1158 2436 1307 2493 mutando.
1335 2443 1424 2514 atque

237 2558 254 2596 a
268 2539 398 2596 consiliis
414 2540 504 2596 semel
519 2538 611 2614 captis
627 2539 800 2615 neutiquam
816 2543 919 2614 putare
935 2540 1133 2596 recedendum
1149 2559 1211 2596 esse
1228 2539 1422 2616 improbatur:

922 2671 1033 2727 Andoo.
1052 2689 1093 2728 or.
1113 2674 1140 2740 2,
1162 2690 1175 2728 e
1194 2665 1241 2726 καὶ
1263 2666 1327 2727 εἰσίν
1349 2671 1425 2728 εύτυ-

238 2770 260 2830 εἰ
281 2775 337 2843 τοῖς
356 2776 402 2831 τοῦ
421 2767 563 2852 κρατίστου
585 2771 760 2851 διαμαρτοῦσι
775 2773 805 2831 τδ
856 2773 984 2848 χέστατσι
1004 2770 1096 2845 μὲνοὶ
1116 2772 1249 2849 ἐλάχιστα
1265 2771 1425 2851 ἐξαμαρτά-

301 2691 345 2746 pr.
363 2675 413 2742 49,
435 2690 447 2728 s
466 2665 513 2726 καὶ
529 2667 582 2747 γάρ
598 2670 629 2725 άν
647 2667 733 2727 δεινθν
750 2665 803 2746 είη,

237 2876 370 2956 χείριστον
383 2877 489 2954 ἀνάγκη
504 2878 630 2956 πράττειν
647 2875 688 2951 είη
704 2875 752 2935 καὶ
767 2877 805 2951 μὴ
858 2896 959 2950 νοντες,
973 2877 1184 2954 σωφρονέστατοι
1197 2876 1228 2936 δὲ
1237 2877 1264 2936 οἳ
1271 2881 1303 2936 ἀν
1312 2881 1427 2955 τάχιστα

237 2982 267 3040 ab
277 2981 400 3060 δεύτερον
410 2982 442 3040 ἐκ
453 2987 506 3040 τῶν
517 2982 621 3041 λοιπῶν
629 2977 703 3056 ἐξείη
718 3001 805 3055 μετα·
859 2982 1109 3057 μεταγιγνώσκωσι,
1127 2985 1194 3061 Lys.
1209 3004 1249 3042 or.
1266 2991 1314 3055 19,
1328 3003 1354 3043 ss
1366 2980 1427 3061 φασὶ

240 3084 444 3157 βουλεύσασθαι.
469 3108 512 3163 pr.
528 3093 577 3158 32,
594 3107 607 3144 3
622 3087 692 3147 vide
708 3109 735 3162 p.
755 3093 803 3145 22.
859 3085 890 3143 δὲ
909 3083 956 3143 καὶ
976 3084 1037 3155 τούς
1057 3084 1180 3165 ἀρίστους
1196 3084 1244 3144 καὶ
1260 3090 1428 3165 σοφωτάτους

859 3189 968 3262 μάλιστ’
979 3190 1086 3248 ἐθέλειν
1103 3193 1345 3268 μεταγιγνώσκειν.

342 3321 575 3378 Atheniensibus
602 3326 701 3378 autem
726 3327 844 3396 praeter
870 3332 982 3378 ceteros
1006 3322 1258 3379 ‘admonitionibus
1285 3327 1315 3378 et
1341 3323 1427 3379 casti-

239 3425 405 3499 gationibus
422 3445 492 3501 opus
508 3425 607 3494 fuisse,
629 3430 732 3500 utpote
748 3425 799 3502 qui
816 3427 853 3482 de
869 3426 1084 3483 calamitatibus
1100 3426 1287 3502 cladibusque
1303 3426 1428 3483 aliorum

239 3529 317 3586 nihil
338 3529 486 3587 discerent
505 3549 601 3606 neque
622 3529 691 3585 inde
707 3529 762 3587 sibi
783 3529 950 3606 quicquam,
975 3534 1008 3586 ut
1029 3529 1233 3604 prudentiores
1254 3534 1359 3599 essent,
1383 3550 1429 3586 re-

240 3638 385 3709 peterent,
407 3653 494 3709 supra
508 3633 639 3693 vidimus
655 3653 683 3708 p.
702 3637 751 3702 66,
774 3652 840 3690 cum
855 3653 899 3709 pr.
917 3637 967 3703 42,
988 3638 1046 3690 aet
1061 3635 1145 3690 Dcm.
1163 3653 1206 3690 or.
1223 3634 1349 3691 XVIIII
1367 3638 1427 3691 224

240 3756 487 3813 componeremus.
519 3738 556 3794 cf.
573 3742 726 3813 praeterea
746 3757 786 3794 or.
806 3741 855 3807 22,
878 3756 915 3796 rs:
938 3757 978 3794 or.
998 3741 1047 3807 24,
1065 3756 1102 3794 ras
1123 3735 1199 3809 ὑμεῖς
1216 3734 1240 3793 δ’
1250 3732 1289 3806 είς
1305 3733 1385 3813 τοῦτ’,
1406 3731 1428 3793 ὦ

240 3839 266 3897 ά.
287 3840 338 3917 Ἀ,
361 3835 513 3918 προήχθητ’
527 3836 651 3912 εύηθείας
674 3836 720 3897 καί
744 3835 884 3918 ῥᾳθυμίας,
908 3839 971 3897 ὥστ’
984 3837 1046 3896 σὐδὲ
1069 3842 1178 3897 τοιαῦτα
1201 3839 1313 3916 ἔχοντες
1335 3859 1428 3917 παρα-

241 3942 376 4019 δείγματα
401 3947 485 4002 ταῦτα
513 3945 688 4018 μιμεῖσθε..
720 3948 845 4003 multum
868 3966 938 4005 vero
962 3947 1106 4022 exemplis
1133 3947 1280 4003 tributum
1303 3966 1365 4004 esse
1392 3949 1428 4004 ab

240 4051 403 4108 oratoribus
426 4049 535 4107 Atticis
559 4051 637 4108 inter
660 4070 760 4107 omnes
784 4055 865 4108 const
885 4044 936 4130 τά)
974 4070 1049 4127 quae
1072 4051 1143 4127 quid
1167 4051 1286 4109 valcant
1308 4050 1427 4126 quidve,

240 4155 264 4211 si
277 4154 343 4230 quis
356 4155 490 4229 proxime
502 4155 539 4211 ad
555 4155 607 4211 illa
618 4157 746 4224 accedat,
764 4153 920 4224 efficiatur,
936 4157 985 4213 vel
1000 4155 1070 4212 inde
1086 4154 1213 4230 perspici
1228 4159 1334 4230 potest,
1352 4154 1427 4231 quod

241 4258 292 4334 qui
312 4258 343 4314 in
359 4259 526 4316 calamitate
542 4263 611 4314 sunt
631 4258 736 4315 melius
752 4258 807 4315 sibi
829 4260 985 4314 consulunt
1004 4258 1156 4334 magisque
1172 4258 1384 4317 convenienter
1400 4278 1429 4315 se

240 4369 346 4436 gerunt
358 4362 389 4418 in
402 4363 592 4420 deliberando
605 4382 693 4439 quam
705 4362 811 4438 quibus
823 4382 983 4439 numquam
992 4363 1100 4420 accidit
1112 4363 1280 4439 quicquam.
1297 4362 1341 4420 ita
1349 4362 1428 4419 enim

346 4530 365 4594 ¹)
389 4531 412 4579 E
435 4547 533 4596 magna
556 4530 738 4597 exemplorum
761 4531 839 4595 copia
862 4531 925 4580 satis
948 4531 1033 4580 habeo
1058 4531 1161 4580 adferre
1179 4531 1280 4582 Andoc.
1301 4545 1337 4580 or.
1358 4533 1382 4594 3,
1404 4547 1429 4579 sa

241 4617 270 4666 τὰ
296 4613 343 4684 γὰρ
369 4616 553 4684 παραδείγματα
579 4613 609 4667 τά
635 4615 782 4685 γεγενημένα
809 4619 857 4666 τῶν
881 4613 1059 4685 ἁμαρτημάτων
1083 4614 1152 4665 ἱκανά
1175 4617 1224 4675 τοῖς
1249 4615 1359 4684 σώφροσι
1381 4618 1429 4665 τῶν

241 4701 373 4771 ἀνθρώπων
392 4703 455 4754 ὥστε
475 4703 558 4772 μηκέτι
577 4702 729 4772 ἁμαρτάνειν,
751 4705 814 4770 Lys.
834 4721 870 4755 or.
889 4707 932 4769 25,
951 4720 975 4753 aa
994 4701 1042 4771 χρὴ
1062 4703 1149 4765 τοίνυν,
1168 4698 1189 4752 ὦ
1208 4699 1231 4755 ἀί.
1251 4703 1280 4766 δ.,
1300 4703 1349 4761 τοῖς
1368 4701 1429 4771 στρό-

241 4807 309 4858 τερον
326 4790 492 4860 γεγενημένοις
504 4790 683 4860 παραδείγμασι
700 4788 846 4860 χρωμένους
866 4789 1024 4855 βουλεύεσθαι
1036 4790 1090 4859 περὶ
1102 4793 1150 4841 τῶν
1170 4789 1310 4859 μελλόντων
1323 4787 1428 4843 ἔσεσθαι.

1243 4875 1274 4928 6*
