3530 5536
691 498 907 553 ..47-

195 687 301 746 minus
317 688 514 746 necessarium
529 708 618 766 quam
633 685 694 760 ὑμῖν
710 688 742 744 in
757 688 906 764 prooemio
921 705 992 748 eave
1007 686 1218 763 interpolatum
1232 690 1319 762 puIes
1331 705 1397 744 eum

196 794 308 850 eodem
330 787 390 874 (ed.
408 794 519 851 Teubn.
541 813 645 851 eomm.
667 793 733 851 erit.
754 814 782 868 p.
799 786 950 873 XXVII).
982 792 1089 849 deinde
1107 791 1239 868 προσήκει
1253 789 1398 868 προθύμως

197 894 312 954 ἐθέλειν
328 894 436 955 ἀκούειν
452 897 483 955 in
500 917 541 954 or.
558 899 584 956 I.
602 897 712 955 maiore
728 896 874 971 gravitate
886 897 1000 954 dietum
1015 901 1060 954 est
1070 915 1158 974 quam
1173 895 1205 952 in
1219 915 1263 971 pr.
1276 900 1293 952 3
1310 913 1397 972 προσ-

195 1000 267 1072 ήκει
293 1000 425 1078 παρέχειν
452 997 600 1070 ἐθέλοντας
623 998 730 1058 ἀκούειν
753 998 824 1073 ὑμᾶς
847 999 951 1078 αὺτούς,
979 1002 1056 1077 quod
1080 1001 1251 1075 languidum
1271 1001 1397 1078 quodam
1422 1047 1424 1052 .

196 1107 289 1163 modo
305 1110 336 1164 et
351 1111 523 1166 enervatum
540 1111 593 1164 est.
625 1106 657 1163 in
672 1105 843 1165 universum
859 1104 952 1179 igitur
966 1106 1022 1162 hoa
1038 1105 1097 1163 diei
1113 1110 1224 1180 potest:
1241 1105 1396 1162 exordium

197 1230 246 1268 or.
266 1213 293 1269 I.
314 1211 427 1268 maiore
447 1231 514 1269 aum
532 1210 564 1271 vi
587 1211 683 1268 fertur
703 1230 791 1287 quam
811 1230 854 1286 pr.
878 1213 907 1267 3.
928 1229 996 1266 nam
1016 1210 1054 1266 de
1073 1209 1219 1269 varietate
1237 1209 1398 1267 lectionum

196 1312 344 1391 γίγνεσθαι
363 1321 395 1373 et
412 1313 539 1391 γενέσθαι
559 1315 637 1372 nihil
657 1319 710 1386 esa,
732 1316 811 1393 quod
832 1313 982 1384 disseram,
1005 1319 1036 1370 et
1057 1313 1089 1370 ἂν
1110 1310 1236 1370 ἐπελθεῖν
1255 1314 1287 1372 in
1307 1333 1349 1372 or.
1369 1315 1396 1372 I.

197 1419 349 1477 tantidem
365 1419 543 1489 aestimabis,
565 1419 669 1497 quanti
686 1416 813 1476 ἐπελθεῖν
830 1417 861 1474 ἂν
877 1418 970 1498 ίιιρσ.
988 1421 1016 1489 3,
1038 1417 1097 1476 nisi
1112 1419 1189 1476 forte
1205 1437 1272 1476 eum
1286 1417 1396 1476 Blassio

200 1525 241 1581 de
257 1524 355 1582 neseio
371 1543 429 1601 qua
444 1524 651 1582 convenientia
665 1543 855 1582 numerorum
871 1523 992 1598 cogitas.

268 1648 313 1704 pr.
333 1633 365 1685 7:
386 1624 421 1684 Οί
437 1625 488 1700 μὲν
505 1625 684 1703 ἐπαινοῦντες,
705 1621 771 1685 ὦτί.
890 1647 931 1685 or.
945 1628 1046 1685 XIIII
1060 1632 1075 1685 1
1090 1647 1133 1705 sq.
1150 1623 1185 1684 Οἱ
1198 1625 1248 1700 μὲν
1261 1623 1398 1684 ἐπαινοῖν-

202 1731 256 1811 'A.,
271 1729 332 1800 τοὺς
344 1731 493 1809 προγόνους
504 1730 578 1805 ὑμῶν
590 1732 677 1808 λόγον
689 1728 772 1789 εἰπεῖν
824 1749 881 1808 τες,
903 1725 926 1787 ὦ
951 1729 976 1788 σί.
998 1729 1048 1806 Ἀ,
1071 1728 1132 1800 τοὺς
1154 1731 1304 1809 προγόνους
1323 1727 1398 1803 ὑμῶν

203 1833 772 1916 μοιδοκσῖισιπροαιρεῖσθαικεχαρισμένον,
825 1833 912 1912 λόγον
928 1830 1012 1892 εἰπεῖν
1029 1853 1074 1908 μαι
1091 1831 1198 1893 δοκοῦσι
1214 1834 1398 1912 προαιρεῖσθαι

203 1939 234 1998 σὺ
250 1940 304 2014 μὴν
320 1941 486 2020 συμφέροντά
498 1940 525 2018 γ’
537 1940 650 2010 ἐκείνοις
663 1941 708 2012 οθς
721 1941 772 2019 ἐγ-
826 1939 1036 2018 κεχαρισμένον,
1057 1939 1088 1997 οὺ
1108 1938 1162 2013 μὴν
1182 1939 1351 2018 συμφέροντά
1369 1937 1397 2017 γ’

201 2045 368 2118 κωμιοίζουσι
382 2046 483 2104 ποιεῖν·
499 2043 561 2124 περὶ
576 2045 629 2124 γὰρ
641 2047 772 2124 πραγμά-

202 2168 256 2207 των
272 2148 462 2229 ἐγχειροῦντες
478 2142 515 2207 ιῖνν
528 2147 584 2209 οὔδ’
595 2152 626 2208 ἂν
639 2141 679 2220 είς
690 2147 774 2222 ἀξίως

204 2251 341 2330 ἐφικέσθαι
347 2250 475 2316 δύναιτο
484 2259 529 2339 τῷ
537 2251 630 2338 λόγῳ,
640 2253 714 2314 αθτοὶ
723 2254 774 2329 μὲν

202 2358 249 2416 τοῦ
266 2354 392 2416 δύνασθαι
403 2348 499 2436 λέγειν
512 2355 594 2430 δόξαν
608 2358 773 2438 ἐκφέρονται,

202 2459 284 2535 τὴνδ’
294 2459 404 2520 ἐκείνων
414 2461 512 2541 ἀρετὴν
523 2462 630 2522 ἐλάττω
637 2469 686 2538 τῆς
694 2464 773 2522 ὑπει-

204 2563 492 2646 λημμένηςπαρέιτοῖς
503 2566 627 2627 ἀκούουσι
636 2565 774 2646 φαίνεσθαι

204 2672 329 2731 ποιοῦσιν.
347 2669 404 2748 ἐγὼ
417 2669 448 2729 δὲ
459 2676 514 2755 τῆς
525 2669 582 2752 μὲν
593 2666 719 2733 ἐκείνων
734 2672 773 2733 ἀ-

204 2779 292 2860 ρετῆς
318 2769 465 2856 μέγιστον
486 2767 618 2838 dicaam
639 2775 774 2859 ἡγοῦμαι

203 2878 258 2940 τὸν
272 2877 392 2961 χρόνον,
414 2873 444 2937 οὗ
463 2878 572 2939 πολλοῦ
586 2881 773 2957 γεγενημένου

204 2983 287 3056 μείζω
299 2988 352 3041 τῶν
364 2982 526 3042 ὑπ’ἐκείνων
539 2985 715 3062 πραχθέντων
724 2984 773 3043 οὺ-

206 3085 283 3158 δένες
306 3086 389 3146 ἀλλσι
416 3084 630 3167 παραδείξασθαι
643 3086 663 3169 ¹)
690 3087 772 3147 δεδύ-

203 3209 309 3266 νηνται·
328 3192 406 3278 αδπές
422 3191 453 3250 δὲ
468 3194 633 3272 πειράσομαι
648 3193 692 3251 τδν
707 3194 772 3272 τρό-

203 3314 252 3353 πον
264 3293 349 3355 εἰττεῖν
361 3297 390 3354 ἐν
404 3297 435 3356 α’ίν
443 3292 469 3380 ²)
482 3317 529 3371 μοι
538 3295 643 3356 δοκεῖτε
653 3297 774 3370 μάλιστα

204 3397 329 3460 δύνασθαι
357 3402 622 3481 παρασκευάσασθαι.
650 3396 772 3480 καὶγὰρ

204 3505 287 3577 οῖντως
308 3506 382 3583 έχει·
406 3504 430 3565 εί
453 3507 504 3583 μέν
519 3508 600 3583 ἡμεῖς
616 3508 732 3578 ἅπαντες
748 3506 774 3567 οἱ

309 3729 328 3796 ¹)
348 3729 528 3798 παραδέξασθαι
546 3732 628 3798 vulg„
642 3733 673 3783 ef.
687 3749 715 3782 n.
728 3747 751 3782 e.

309 3818 329 3885 ²)
348 3819 408 3869 Ηοο
426 3836 465 3886 γρ.
479 3816 506 3885 Σ,
525 3815 551 3868 ὃν
569 3818 598 3884 δή
618 3817 636 3867 Σ
654 3837 692 3886 γρ.
705 3815 764 3868 ΥΦ.

306 3905 328 3972 ¹)
348 3905 521 3975 ἐπιχειροῦντες
539 3906 613 3973 vulg.

309 3991 331 4060 ¹³)
351 3991 446 4043 δίιναιτο
464 3996 499 4060 τῷ
518 3989 587 4060 λόγῳ
605 3993 677 4060 vulg.

828 2042 942 2114 ἐκείνοις
954 2043 1000 2114 οθς
1013 2042 1212 2120 ἐγκωμιάζουσι
1223 2045 1323 2102 ποιεῖν·
1336 2040 1398 2122 περὶ

827 2147 881 2229 γὰρ
889 2150 1059 2226 πραγμάτων
1068 2146 1289 2228 ἐγχειροῦντεςῦ)
1298 2142 1399 2229 λέγειν

827 2247 865 2312 ὧν
886 2249 942 2313 ουδ’
967 2255 999 2310 ἂν
1023 2244 1063 2323 εἷς
1086 2249 1169 2324 ἀξίως
1193 2251 1330 2331 ἐφικέσθαι
1352 2257 1398 2337 τῷ

827 2354 909 2441 λόγῳ
926 2353 1097 2439 θύναιτο,”)
1120 2353 1192 2416 αθτοί
1212 2357 1263 2430 μὲν
1283 2359 1329 2415 τοῦ
1346 2353 1398 2418 do·

827 2464 894 2522 κεῖν
905 2461 1032 2520 δύνασθαι
1043 2457 1169 2544 λέγεινο)
1180 2457 1261 2532 δόξαν
1272 2461 1398 2539 ἐκφέρον-

827 2587 880 2644 ται,
896 2567 944 2641 τὴν
961 2565 984 2624 δ’
995 2565 1107 2625 ἐκείνων
1121 2565 1218 2644 ἀρετὴν
1231 2564 1338 2623 ἐλάττω
1349 2569 1399 2640 τῆς

827 2670 1035 2746 ὑπειλημμένης
1046 2669 1120 2749 παρὰ
1131 2673 1186 2740 τοῖς
1199 2669 1323 2729 ἀκοθουσι
1339 2669 1398 2747 φαί-

826 2775 920 2834 νεσθαι
935 2778 1061 2836 ποιοῦσιν.
1094 2773 1151 2852 ἐγὼ
1167 2773 1191 2833 δ’
1201 2769 1327 2836 ἐκείνων
1342 2771 1399 2855 μὲν

826 2871 958 2942 ἓθταινον
977 2880 1033 2942 τὸν
1054 2877 1166 2962 χρόνον
1187 2878 1322 2962 ἡγοῦμαι
1344 2873 1397 2960 μὲ-

826 3003 943 3066 γιστον,
950 2981 974 3060 d)
984 2976 1014 3044 οὗ
1025 2983 1133 3044 πολλοῦ
1142 2983 1328 3062 γεγενημένου
1338 2982 1397 3058 μεί-

827 3090 864 3158 ζω
879 3093 933 3146 τῶν
949 3088 991 3147 ὑπ’
1001 3087 1113 3147 ἐκείνων
1129 3089 1306 3168 πραχθέντων
1322 3087 1398 3147 αθδέ-

826 3188 1216 3276 νεςίίλλοιπαραδείξασθαΰ)
1230 3191 1396 3268 δεδύνηνται·

827 3296 906 3366 αὐπδς
922 3296 953 3356 δέ
965 3299 1128 3376 πειράσομαι
1139 3297 1185 3356 τὀν
1200 3299 1298 3376 τρόπον
1314 3294 1398 3355 εἰπεῖν

826 3401 855 3459 ἐν
873 3401 904 3460 σ’ίν
921 3421 966 3476 μοι
982 3400 1088 3460 δοκεῖτε
1104 3397 1225 3475 μάλιστα
1241 3400 1368 3460 δύνασθαι
1375 3396 1396 3483 ¹)

825 3506 1093 3585 παρασκευάσασθαι.
1101 3506 1125 3582 ⁸)
1152 3503 1199 3564 καὶ
1227 3505 1281 3584 γὰρ
1313 3489 1398 3576 οθτως

307 4081 327 4145 ⁰)
346 4079 421 4130 Idem
438 4078 461 4128 A
480 4078 559 4146 (Aug.
574 4078 609 4145 1),
629 4080 675 4131 sed
693 4081 800 4130 inverso
820 4079 912 4129 ordine
931 4081 1072 4130 verborum
1091 4077 1115 4129 λ.
1134 4077 1198 4142 δίας
1215 4080 1258 4129 τοῦ
1277 4078 1354 4129 δοκεῖν
1373 4072 1398 4127 εὖ

206 4161 283 4232 λέγειν
302 4165 388 4232 vulg.3
417 4164 495 4216 δοκεῖν
513 4167 624 4217 verbum
642 4167 759 4217 Dindorf
779 4167 812 4217 de
831 4165 850 4215 Σ
869 4167 925 4217 cod.
944 4166 1061 4217 lectione
1086 4166 1209 4230 detraxit,
1232 4182 1304 4216 nune
1321 4166 1399 4216 Blass

207 4253 287 4302 etiam
305 4250 384 4319 λέγειν
402 4253 482 4304 delet.

306 4337 329 4405 θ)
350 4337 462 4406 μέγιστον
479 4331 540 4389 εἶναι
559 4340 632 4406 vulg.

308 4424 329 4492 ⁸)
347 4423 526 4492 παραδέξασθαι
544 4426 620 4490 libri3
639 4443 705 4477 ποτε.
724 4427 833 4478 Reiske.

310 4511 332 4578 f)
351 4510 467 4563 δύνασθαι
485 4514 596 4579 perinde
620 4519 702 4580 atque
726 4515 796 4564 infra
814 4511 837 4563 οἱ
863 4511 994 4582 μέλλοντες
1013 4519 1073 4579 post
1091 4509 1190 4572 ἅπαντες
1210 4519 1237 4564 et
1255 4508 1320 4570 ὅντες
1338 4520 1398 4580 post

207 4596 334 4667 φανείημεν
353 4616 404 4650 om.
419 4600 494 4650 codd.
507 4599 529 4653 B
540 4597 623 4662 ΡΥΙ,
643 4617 755 4667 quorum
775 4604 962 4652 auctoritatam
981 4606 1096 4667 utroque
1113 4601 1172 4652 loeo
1191 4603 1279 4666 priore
1291 4608 1398 4651 secutus

206 4691 248 4736 est
265 4686 374 4746 Raiske,
393 4687 477 4737 altaro
496 4692 601 4736 tantum
620 4688 735 4750 Dobrea‚
755 4689 840 4738 tribus
858 4690 989 4739 universis
1007 4688 1092 4738 Blass.

307 4775 329 4839 ⁸)
348 4771 542 4841 παρεσκευάσθαι
559 4774 642 4840 vulg.;
661 4792 722 4825 aum
742 4774 760 4823 Σ
779 4778 951 4825 consentiunt
969 4776 1023 4824 AB.
