3530 5536
825 470 1042 523 ...86-

340 680 379 718 511
395 678 514 735 oorpore
529 660 581 716 illo
601 657 743 716 hausisse.
773 662 805 714 at
818 659 894 714 hanc
910 658 947 714 de
963 658 1163 715 Demosthene
1179 656 1395 732 prooemiorum
1410 659 1530 712 auctore

341 764 510 840 opinionem
526 763 674 821 mentibus
689 761 797 818 nostris
813 762 1026 819 consuetudine
1045 767 1196 838 tamquam
1212 761 1332 819 insitam
1347 761 1529 834 singulorum

340 871 469 926 locorum
493 867 578 925 iuxta
598 866 824 942 compositorum
845 866 984 940 diligenti
1005 866 1222 943 comparatione
1241 865 1371 925 vidimus
1392 865 1529 934 convelli,

341 971 523 1042 labefactari,
547 971 729 1048 extorqueri.
762 971 834 1028 adeo
854 970 911 1029 loci
932 970 1043 1029 similes
1063 970 1094 1028 iu
1115 970 1296 1029 orationibus
1317 972 1413 1028 colore
1433 968 1530 1027 ornati

342 1081 410 1134 sunt
431 1075 549 1153 proprio
569 1074 788 1145 Demosthenis,
812 1080 914 1133 contra
933 1074 985 1152 qui
1009 1075 1167 1133 concinunt
1187 1075 1218 1130 in
1241 1072 1400 1150 prooemiis
1420 1079 1531 1131 certam

341 1180 516 1239 imitationis
538 1178 667 1255 speciem
689 1199 759 1255 prae
782 1198 812 1237 se
835 1180 943 1237 ferunt.
976 1180 1061 1236 modo
1084 1179 1165 1236 enim
1188 1179 1218 1236 id
1242 1179 1319 1256 quod
1342 1178 1374 1235 in
1398 1177 1531 1235 oratione

341 1285 441 1362 aliqua
456 1284 537 1341 illius
552 1282 663 1340 maiore
679 1302 746 1340 cum
761 1283 909 1357 gravitate
925 1302 1096 1358 expressum
1112 1286 1158 1340 est
1177 1283 1208 1340 iu
1224 1302 1259 1340 eo
1275 1283 1352 1359 quod
1373 1283 1532 1358 respondet

342 1387 492 1465 prooemio
512 1386 686 1461 languidum
704 1391 793 1465 atque
814 1389 930 1445 elumbe
946 1391 1076 1463 apparet,
1097 1387 1140 1446 ita
1158 1392 1193 1443 ut
1213 1386 1339 1444 orationi
1354 1387 1532 1443 Demosthe·

342 1494 426 1551 nicae
439 1492 623 1569 aliquantum
640 1491 793 1566 diguitatis
809 1497 839 1549 55
854 1492 1043 1569 proprietatis
1059 1494 1224 1551 detractum
1239 1492 1278 1549 sit
1295 1485 1346 1570 (cf.
1361 1512 1409 1567 pp.
1423 1495 1462 1549 46
1476 1512 1530 1568 sq.‚

344 1602 394 1667 49,
420 1600 460 1655 54
476 1589 545 1675 sq),
570 1597 656 1654 modo
672 1615 710 1654 ex
726 1597 880 1654 sententiis
896 1597 927 1654 in
943 1597 1124 1655 orationibus
1141 1615 1327 1671 magnacum
1342 1596 1374 1655 vi
1392 1596 1533 1654 desertis

344 1700 525 1777 temporibus
533 1701 582 1760 vel
593 1700 764 1758 hominibus
777 1701 897 1776 prolatis
910 1701 941 1758 in
953 1700 1111 1777 prooemiis
1122 1700 1194 1758 facti
1207 1706 1275 1757 sunt
1287 1700 1342 1758 loci
1353 1719 1531 1763 communes.

343 1806 386 1863 ita
404 1810 439 1862 nt
458 1825 533 1882 quae
554 1805 586 1861 in
606 1805 769 1881 exemplari
790 1806 908 1882 proprie
928 1825 961 1864 ao
982 1806 1092 1864 diserte
1112 1805 1248 1881 exposita
1263 1811 1332 1862 sunt
1353 1805 1382 1861 in
1403 1804 1533 1879 imagine

344 1909 506 1984 generatim
518 1915 608 1986 atque
620 1909 758 1968 universe
770 1910 849 1968 dicta
860 1909 1021 1968 videantur
1033 1903 1085 1988 (cf.
1099 1931 1146 1986 pp.
1159 1913 1209 1980 53,
1224 1913 1261 1967 57
1276 1930 1329 1987 sq.‚
1344 1914 1395 1979 61,
1409 1913 1447 1967 66
1462 1903 1532 1989 sq),

344 2016 429 2072 modo
450 2018 502 2071 aut
521 2013 636 2071 omissis
655 2013 755 2072 verbis
776 2014 888 2092 aliquot
908 2013 1046 2072 dictionis
1066 2033 1151 2090 sapor
1172 2031 1289 2090 pessum
1309 2014 1446 2072 daturin
1466 2032 1532 2088 pro-

344 2119 439 2177 oemio
451 2112 502 2199 (of.
514 2140 562 2195 pp.
574 2122 623 2190 51,
639 2122 688 2188 60,
704 2113 758 2198 61)
772 2119 865 2176 5115111
878 2119 1017 2196 loquendi
1030 2138 1138 2194 genere
1150 2122 1287 2195 peccatur
1300 2112 1351 2200 (of.
1365 2139 1413 2194 pp.
1425 2122 1464 2176 48
1477 2138 1532 2195 sq.‚

347 2226 385 2281 55
402 2244 455 2301 sq.‚
474 2226 523 2294 65,
543 2217 607 2303 73).
632 2221 719 2300 quid?
737 2225 813 2300 quod
831 2223 989 2293 interdum,
1007 2243 1082 2301 quae
1097 2243 1143 2280 res
1158 2222 1288 2280 maxime
1304 2224 1464 2298 premenda
1479 2227 1532 2293 est,

345 2348 421 2406 quae
433 2348 450 2386 a
461 2329 663 2386 Demosthene
678 2327 710 2384 in
723 2327 855 2385 oratione
867 2327 966 2406 aliqua
980 2327 1144 2385 rectissime
1160 2327 1240 2384 dicta
1255 2332 1322 2384 sunt
1336 2328 1367 2384 in
1384 2327 1533 2402 prooemio

345 2435 431 2509 plane
443 2437 579 2508 corrupta
590 2451 624 2489 ac
637 2432 800 2489 deformata
811 2432 952 2491 videntur
964 2437 994 2490 et
1010 2451 1123 2488 summo
1140 2437 1254 2489 oratore
1270 2431 1401 2505 indigna,
1419 2432 1482 2491 sive
1497 2431 1531 2501 is,

344 2537 396 2614 qui
412 2537 562 2613 prooemia
573 2536 745 2612 composuit,
761 2539 861 2606 verba,
878 2557 953 2614 quae
969 2538 1000 2594 in
1013 2557 1098 2594 usum
1110 2557 1195 2594 suum
1207 2536 1363 2606 convertit,
1381 2556 1438 2593 non
1453 2542 1533 2595 recte

343 2641 494 2700 intellexit
514 2641 586 2711 sive,
608 2642 685 2718 quod
706 2641 771 2700 veri
791 2641 918 2699 similius
933 2639 1062 2712 videtur,
1084 2642 1197 2699 acriore
1216 2640 1350 2698 mutandi
1372 2641 1534 2716 cupiditate

342 2751 377 2804 ut
392 2746 535 2823 ineptirct
550 2747 693 2803 adductus
710 2751 754 2804 est
771 2741 822 2826 (of.
840 2747 991 2823 inprimis
1007 2768 1056 2824 pp.
1075 2752 1124 2817 53,
1144 2740 1209 2825 56).
1234 2766 1309 2823 quae
1324 2766 1391 2804 cum
1406 2746 1449 2803 ita
1465 2746 1532 2816 sint,

343 2851 408 2908 fieri
425 2851 529 2926 nequit
543 2855 578 2907 ut
592 2850 744 2927 prooemia
758 2852 967 2908 Demosthenis
983 2871 1045 2908 esse
1061 2858 1206 2927 putemus.

452 2955 509 3011 Sed
534 2955 592 3012 alia
612 2955 702 3012 ctiam
722 2960 790 3012 sunt
808 2957 895 3032 plane
914 2956 1069 3032 perspicua
1088 2956 1270 3034 minimeque
1291 2957 1452 3015 dubitanda
1471 2956 1534 3013 eius

344 3059 389 3116 rei
412 3058 532 3116 indicia.
565 3060 629 3117 dico
654 3061 825 3118 dissolutam
848 3080 1010 3138 parumque
1034 3066 1200 3119 accuratam
1223 3062 1439 3138 prooemiorum
1463 3080 1533 3138 quo-

344 3164 469 3220 rundam
485 3163 735 3238 compositionem,
754 3165 914 3224 sententias
931 3170 962 3222 55
976 3171 1149 3240 argumenta
1164 3165 1273 3225 vitiosa
1288 3186 1321 3224 55
1333 3166 1534 3224 Demosthene

344 3267 476 3340 indigna,
505 3285 668 3324 sermonem
690 3287 708 3324 a
731 3269 985 3342 praestantissimi,
1015 3289 1102 3346 quem
1125 3270 1285 3347 antiquitas
1308 3271 1386 3340 tulit,
1411 3269 1534 3327 oratoris

345 3371 463 3429 dicendi
481 3370 606 3428 sanitate
622 3377 652 3428 55
667 3371 795 3430 veritate
808 3373 967 3432 diversum.
992 3373 1117 3431 mirifice
1133 3378 1231 3432 autem
1247 3373 1410 3432 rationibus
1425 3373 1533 3432 nostris

346 3475 493 3544 convenit,
523 3477 599 3552 quod
623 3481 779 3551 conspectu
801 3479 940 3547 locorum,
965 3497 1052 3555 quem
1076 3479 1106 3534 in
1130 3477 1189 3535 fine
1211 3479 1300 3536 huius
1324 3477 1533 3554 disputationis

346 3579 505 3656 posuimus,
523 3579 605 3652 argui
619 3581 776 3638 edocemur
787 3581 893 3638 falsum
905 3582 989 3639 illum
1000 3582 1232 3640 Demosthenem
1244 3582 1364 3640 indiciis
1376 3602 1392 3639 e
1405 3582 1533 3640 dictione

345 3683 470 3759 sumptis
493 3683 524 3739 in
548 3682 606 3739 11115
634 3683 706 3758 ipsis
730 3684 858 3741 maxime
885 3685 1053 3760 prooemiis,
1081 3686 1112 3742 in
1136 3685 1242 3762 quibus
1265 3706 1303 3743 ex
1327 3685 1534 3745 Demosthenis

345 3787 528 3844 orationibus
551 3791 602 3844 aut
625 3786 703 3843 nihil
725 3792 776 3844 aut
798 3807 890 3863 pauca
912 3793 1027 3846 tantum
1050 3791 1197 3864 leguntur.
1236 3791 1284 3846 sed
1309 3785 1480 3867 priusquam
1503 3790 1533 3846 in

346 3910 411 3948 eam
437 3911 500 3948 rcm
527 3890 720 3968 inquiramus,
750 3892 992 3967 compositionem
1021 3895 1113 3969 ipsam
1136 3895 1315 3951 illustremus
1338 3915 1456 3952 necesse
1479 3901 1531 3952 est.

345 3995 446 4071 itaque
461 3995 521 4052 iam
536 3995 718 4071 prooemium
731 3998 755 4052 Ι.
769 4015 835 4053 511111
851 4002 971 4072 propter
982 3997 1124 4056 vitiosum
1137 3999 1252 4056 exitum
1264 3999 1533 4074 comprehensionis

345 4098 465 4176 ἡγοῦμαι
476 4093 523 4155 καὶ
535 4102 641 4175 πρῶτος
657 4097 775 4168 ἀναστὰς
790 4095 902 4169 εἰκότως
919 4101 950 4156 ἂν
967 4099 1036 4174 μετὰ
1051 4101 1160 4171 τούτους
1177 4100 1267 4166 δοκεῖν
1282 4101 1377 4178 λέγειν
1393 4101 1408 4179 §
1423 4109 1438 4160 1
1456 4108 1532 4161 extr.

347 4205 399 4284 (of.
416 4225 444 4280 p.
463 4197 517 4282 53)
542 4208 630 4280 atque
653 4204 855 4274 offensionem,
880 4225 955 4283 quae
978 4207 1056 4264 inest
1079 4208 1108 4263 in
1133 4207 1276 4264 extremis
1298 4209 1398 4266 verbis
1421 4204 1533 4284 αἰσχρόν

346 4305 401 4363 ἐστι
419 4351 424 4362 .
444 4303 538 4379 ,μετὰ
557 4310 605 4379 τῆς
627 4305 746 4382 ἐσχάτης
766 4303 890 4385 ἀνάγκης
910 4305 1011 4387 πρᾶξαι
1030 4306 1130 4367 ταῦθ’ὁί
1145 4308 1232 4368 πάλαι
1250 4309 1396 4379 ἐθελοντὰς
1411 4314 1533 4388 προσῆκε

344 4411 430 4469 ποιεῖν
448 4405 499 4491 (cf.
516 4433 545 4487 p.
564 4406 629 4490 54),
651 4414 757 4469 5111111111
778 4420 823 4470 555
838 4415 979 4471 momenti
999 4416 1035 4471 ad
1057 4414 1260 4491 quaestionem
1276 4417 1312 4472 de
1328 4421 1447 4474 auctore
1467 4436 1533 4492 pro·

346 4517 509 4574 oemiorum
529 4516 742 4591 explicandam,
764 4523 828 4575 tum
848 4519 976 4576 maxime
996 4519 1186 4577 memorabile
1202 4519 1232 4577 in
1249 4540 1292 4590 eo,
1314 4523 1391 4598 quod
1411 4521 1437 4577 si
1456 4523 1533 4578 locos

346 4622 484 4678 detrahas
504 4621 669 4678 orationum
688 4623 776 4694 ΗΠ,
798 4623 868 4692 111,
890 4624 932 4680 Π.
956 4617 1008 4703 (of.
1025 4645 1073 4698 pp.
1093 4628 1131 4680 52
1149 4645 1221 4702 sqq,
1241 4618 1295 4698 84)
1318 4625 1393 4682 nihil
1414 4625 1533 4682 omnino

346 4730 506 4783 remancat.
538 4726 615 4803 quod
633 4731 836 4800 argumentum
853 4727 924 4784 55515
940 4729 1122 4785 luculentum
1137 4748 1201 4786 esse
1216 4729 1337 4788 videtur
1351 4729 1534 4804 prooemium
