3530 5536
731 467 941 522 -71„

244 654 277 728 τῇ
297 649 415 729 ὑμετέρᾳ
433 649 580 730 προθυμίᾳ)
600 657 689 730 atque
708 654 758 711 hie
778 654 821 711 ita
840 653 987 729 porgitur:
1009 652 1109 710 τούτων
1132 651 1300 734 (intellegas
1322 657 1429 731 eopias,

244 755 387 826 triremes,
401 756 500 830 gravis
511 761 677 815 armaturae
689 757 810 828 milites,
824 757 948 834 equites,
961 756 1086 830 reditus)
1100 754 1149 828 μὲν
1162 757 1242 834 μέχρι
1254 762 1303 831 τῆς
1312 757 1430 836 τήμερον

243 856 348 935 ἡμέρας
363 854 451 916 σύδενὶ
465 858 568 916 πώποτ’
578 855 616 929 εἰς
632 857 695 916 δέον
709 880 734 916 τι
749 859 896 938 κέχρησθε.

346 965 412 1020 Non
434 965 511 1021 nihil
537 966 609 1022 haee
633 966 723 1022 etiam
751 966 829 1023 iuter
857 986 886 1022 se
914 984 1067 1023 eommune
1093 967 1201 1024 habere
1228 966 1287 1023 iam
1314 968 1430 1025 Dobree

245 1068 393 1142 cognovit:

307 1191 351 1248 pr.
366 1176 415 1243 25,
430 1193 496 1250 asq.
508 1175 554 1230 τού
570 1171 621 1245 μὲν
635 1173 747 1245 ζητῆσαι
762 1168 809 1230 καὶ

244 1273 404 1351 λογίσασθαι
414 1274 448 1334 τὰ
461 1275 591 1353 βέλτισθ’,
604 1278 643 1347 ὡς
655 1276 807 1356 ἅνθρωπος,

243 1375 288 1436 καὶ
311 1380 378 1457 προς
401 1380 470 1454 ύμοῖς
490 1377 573 1439 εἰπεῖν
594 1381 673 1452 αύτθς
693 1382 807 1450 ἕκαστός

244 1482 297 1542 ἐστι
316 1483 415 1563 κύριος,
434 1488 480 1543 τοῦ
500 1484 531 1543 δὲ
550 1485 705 1564 πραχθῆναι
724 1489 807 1543 ταῦτα

242 1585 287 1645 καὶ
307 1591 477 1664 συνενεγκεῖν
498 1589 526 1646 ἐν
545 1593 578 1669 τῇ
594 1589 663 1668 τύχῃ
678 1589 708 1647 τύ
723 1589 807 1647 πλεῖ-

185 1739 191 1748 .
242 1711 301 1749 στου
314 1692 397 1770 μέρος
408 1691 539 1770 γίγνεται.
565 1693 622 1751 έστι
634 1692 658 1750 δ’
668 1693 806 1770 άνθρυπον

242 1795 304 1855 ὅντα
330 1795 472 1874 ἀγαπητὸν
498 1803 546 1871 τῆς
577 1796 655 1856 αύτού
687 1797 806 1868 διανοίας

241 1900 324 1977 λόγον
337 1901 456 1979 ὑπέχειν,
468 1905 517 1974 τῆς
530 1901 562 1960 δὲ
573 1901 657 1978 τύχης
668 1921 805 1977 προσυπο-

241 2007 316 2082 σχεῖν
332 2007 360 2064 έν
376 2027 400 2064 τι
414 2011 468 2064 τῶν
484 2006 630 2066 ἀδυνάτων.

927 1193 969 1231 or.
986 1175 1097 1232 XVIII
1116 1179 1175 1232 192
1197 1195 1238 1251 sq.
1254 1173 1285 1230 τύ
1306 1171 1355 1247 μὲν
1375 1172 1429 1252 γὰρ

861 1277 956 1355 πέρας,
970 1277 1007 1347 ὡς
1019 1278 1051 1334 άν
1064 1277 1079 1334 θ
1092 1275 1196 1352 δαίμων
1210 1276 1342 1358 βουληθῇ,
1357 1275 1428 1336 πάν-

859 1400 912 1438 των
933 1380 1068 1459 γίγνεται·
1093 1381 1110 1455 ἡ
1136 1379 1166 1438 δὲ
1185 1380 1338 1461 προαίρεσις
1363 1382 1427 1455 αύτὴ

859 1485 908 1558 τἠν
919 1488 965 1542 τού
978 1482 1131 1559 συμβούλου
1144 1484 1262 1543 διάνοιαν
1275 1484 1364 1560 δηλοῖ.
1390 1485 1428 1558 μὴ

860 1588 894 1662 δὴ
910 1588 981 1647 τοῦθ’
990 1589 1029 1659 ὡς
1040 1587 1152 1664 ἀδίκημ’
1162 1587 1228 1662 ἐμύν
1244 1590 1304 1670 θῇς,
1322 1587 1346 1647 εί
1357 1609 1428 1668 κρα-

858 1697 939 1766 τῆσαι
959 1691 1057 1768 συνέβη
1074 1689 1207 1771 Φιλίππῳ
1227 1698 1259 1774 τῇ
1281 1695 1373 1775 μάχῃ·
1400 1693 1428 1751 ἐν

858 1795 912 1876 γὰρ
927 1795 966 1875 τῷ
982 1771 1037 1875 θέῷ
1051 1797 1082 1855 τύ
1101 1797 1193 1856 τούτου
1213 1796 1295 1867 τέλος
1314 1793 1358 1875 ἦν,
1380 1797 1430 1855 ούκ

860 1899 929 1975 ἐμοί.
952 1901 1064 1972 ἀλλ’ὡς
1077 1900 1128 1977 ούχ
1140 1901 1283 1960 ἅπανθ’ύσ’
1292 1901 1355 1976 ἐνῆν
1367 1901 1427 1960 κατ’

860 2006 1023 2085 ἀνθρώπινον
1035 2005 1168 2084 λογισμὸν
1182 2004 1300 2081 εἱλόμην
1312 2052 1317 2065 .
1330 2007 1428 2065 ,τοῦτοί

860 2129 906 2183 μοι
916 2106 1014 2188 δεῖξον,
1024 2107 1070 2168 καὶ
1081 2109 1135 2167 τὸτ’
1144 2108 1197 2186 ἤδη
1207 2112 1354 2189 κατηγόρει
1366 2129 1426 2185 μου.

343 2217 408 2280 Quo
423 2218 486 2275 loeo
500 2222 627 2293 utroque
642 2218 715 2274 haee
731 2215 914 2273 efficiuntur:
933 2222 1075 2293 quantum
1091 2217 1216 2294 quisque
1231 2237 1283 2293 pro
1299 2219 1428 2274 humana

240 2327 342 2378 natura
362 2326 467 2397 potest,
488 2320 600 2397 optima
616 2322 685 2378 dare
701 2322 789 2378 debet
805 2320 940 2390 eonsilia;
963 2326 1086 2379 eventus
1102 2341 1172 2380 vero
1189 2327 1233 2378 est
1252 2341 1342 2397 penes
1358 2322 1427 2378 deos

238 2430 325 2502 atque
337 2425 368 2481 in
380 2426 680 2501 fortunaepotestate.
697 2444 772 2502 quae
783 2430 937 2500 praeterea
946 2425 1073 2482 conferri
1086 2425 1173 2482 iussit
1184 2425 1263 2482 idem
1273 2445 1314 2483 or.
1327 2429 1375 2496 18,
1389 2444 1427 2483 189

238 2527 252 2584 t
268 2528 317 2600 μέν
333 2545 368 2603 γε
383 2529 435 2604 (se.
449 2525 616 2603 σύμβουλος)
632 2527 683 2606 πρὸ
694 2531 748 2585 τῶν
760 2529 927 2604 πραγμάτων
943 2529 1055 2603 γνώμην
1069 2525 1243 2603 ἀποφαίνεται
1259 2524 1305 2585 καί
1318 2525 1426 2586 δίδωσιν

239 2631 330 2689 ἑαυτου
351 2631 493 2689 ὑπεύθυνον
514 2634 570 2702 τοῖς
589 2632 730 2710 πεισθεῖσι,
751 2636 784 2712 τῇ
804 2631 884 2712 τύχῃ,
904 2630 943 2708 τῷ
962 2628 1087 2710 καιρῴ,1)
1107 2629 1145 2709 τῷ
1162 2629 1323 2710 βουλομένῳ
1339 2640 1369 2691 et
1384 2653 1425 2691 or.

240 2743 266 2808 8,
283 2757 308 2796 συ
324 2759 366 2815 sq.
384 2737 456 2807 ὅστις
472 2781 477 2792 .
495 2781 501 2793 .
517 2735 565 2812 τἠν
580 2737 704 2812 τοιαύτην
723 2734 862 2795 πολιτείαν
878 2739 1054 2816 προαιρεῖται,
1078 2736 1106 2795 έν
1127 2730 1145 2819 ᾖ
1165 2737 1300 2795 πλειόνων
1320 2737 1337 2810 ἠ
1358 2735 1426 2813 τύχη

237 2839 314 2919 κυρία
340 2839 462 2918 γίγνεται
488 2843 506 2914 ἢ
533 2839 558 2899 οἱ
584 2840 723 2919 λογισμοί,
749 2841 848 2900 τούτων
873 2840 1058 2920 θ’ἀμροτέρων
1084 2841 1176 2899 ἑαυτὸν
1199 2840 1343 2899 ὑπεύθυνον
1366 2840 1426 2914 ύμῖν

235 2945 361 3023 παρέχει,
378 2938 456 3015 ούτύς
472 2943 526 3002 ἐστ’
535 2944 668 3024 ἀνδρεῖος,
686 2943 732 3003 καί
748 2947 883 3025 χρήσιμος
897 2944 1012 3021 πολίτης
1029 2945 1043 3002 ὁ
1058 2947 1176 3016 τοιοῦτὸς
1193 2945 1262 3003 ἐστιν
1279 2947 1427 3005 contraria

236 3051 334 3127 potius
357 3057 425 3108 suut
447 3051 498 3122 eis,
523 3071 597 3129 quae
621 3051 730 3128 scripta
752 3058 820 3109 sunt
842 3053 873 3109 in
897 3052 1062 3128 prooemio;
1085 3071 1154 3109 nam
1177 3053 1254 3128 quod
1278 3051 1340 3110 illio
1359 3051 1426 3109 fieri

236 3155 438 3232 praestarique
454 3175 537 3231 posse
553 3162 686 3230 negatur,
703 3156 753 3214 hie
768 3157 943 3232 postulatur.

340 3260 486 3323 Quoniam
498 3262 534 3318 od
550 3262 629 3319 hune
644 3262 740 3319 loeum
755 3266 931 3336 perventum
944 3267 997 3332 est,
1015 3281 1072 3318 uon
1085 3261 1215 3318 alienum
1231 3279 1294 3317 esse
1305 3258 1426 3317 videtur

236 3366 307 3443 quid
331 3367 368 3422 de
390 3366 509 3422 fortuna
529 3370 675 3423 statuatur
696 3365 728 3423 iu
751 3366 910 3441 prooemiis
930 3367 1089 3442 explicare.
1122 3385 1228 3440 magna
1248 3364 1342 3439 igitur
1362 3363 1426 3421 eius

235 3471 368 3547 potentia
389 3490 451 3527 esse
471 3469 582 3528 dieitur
601 3491 644 3546 pr.
663 3474 691 3540 2,
708 3489 721 3527 a
739 3465 855 3527 πολλῶν
876 3467 928 3546 γὰρ
944 3469 974 3526 τύ
989 3473 1039 3543 τῆς
1053 3468 1138 3545 τύχης
1155 3467 1305 3540 αύτύματον
1321 3467 1423 3545 κρατεῖ.

236 3576 312 3651 quod
333 3574 446 3632 dietum
466 3575 598 3632 conferas
619 3594 686 3632 eum
705 3575 752 3631 his
771 3576 856 3633 loeis:
878 3577 963 3633 Dem.
985 3595 1026 3633 or.
1045 3579 1073 3646 2,
1090 3595 1116 3633 aa
1136 3571 1249 3651 μεγάλη
1269 3571 1323 3650 γὰρ
1344 3571 1424 3650 ῥοπή,

236 3675 345 3751 μᾶλλον
362 3675 387 3733 δ’
397 3675 462 3735 ὅλον
474 3677 492 3753 ἡ
504 3676 573 3752 τύχη
588 3675 662 3754 παρὰ
675 3678 752 3734 πάντ’
764 3673 820 3736 ἐστὶ
835 3675 868 3735 τὰ
883 3675 936 3734 τῶν
953 3676 1100 3757 ἀνθρώπων
1115 3678 1265 3756 πράγματα
1283 3673 1376 3759 (quod
1392 3679 1424 3735 in

236 3804 319 3841 suum
336 3803 453 3860 quoque
469 3803 553 3840 usum
569 3783 645 3840 nihil
665 3788 781 3840 mutans
797 3783 945 3842 convertit
960 3784 1091 3860 responsi
1108 3775 1144 3840 aii
1165 3803 1211 3858 ep.
1228 3783 1306 3841 Phil.
1323 3789 1425 3841 auctor

235 3882 330 3966 515),
347 3907 390 3946 or.
405 3890 433 3958 5,
451 3908 475 3944 11
492 3885 527 3944 δι’
537 3884 671 3964 εύτυχίαν,
686 3889 721 3961 ἣν
736 3888 878 3961 συμπάσης
892 3886 949 3964 ἐγὼ
960 3892 1009 3961 τῆς
1026 3886 1054 3944 ἐν
1071 3887 1220 3965 ἀνθρώποις
1236 3883 1317 3961 σύσης
1333 3885 1424 3944 δεινά-

234 4011 314 4064 τητος
329 3988 376 4049 καὶ
392 3991 486 4069 σορίας
501 3991 555 4070 ύρῶ
571 3995 732 4069 κρατοῦσαν,
754 3994 861 4051 Aeseh.
879 4013 920 4050 or.
939 3998 966 4064 2,
989 4013 1026 4051 131
1048 3990 1093 4050 διὰ
1108 3991 1155 4065 τὴν
1171 3990 1265 4071 τύχην,
1281 3993 1299 4065 ἦ
1315 3991 1422 4049 πάντων

235 4092 290 4153 ἐστὶ
302 4094 387 4174 κυρία.
410 4098 560 4155 fortunam
572 4104 671 4155 autem
682 4098 913 4156 Atheniensium
925 4099 955 4154 iu
969 4119 1012 4174 pr.
1027 4103 1065 4156 41
1080 4101 1166 4156 rebus
1179 4097 1305 4174 publicis
1317 4097 1423 4155 melius

235 4204 386 4261 consulere
402 4203 461 4260 diei
483 4222 570 4280 quam
587 4222 645 4274 eos,
666 4204 716 4280 qui
732 4203 864 4280 praesint
883 4206 979 4274 rebus,
1000 4203 1078 4279 ipsos
1093 4203 1153 4260 iam
1169 4223 1256 4280 supra
1271 4201 1423 4260 docuimus

235 4326 360 4385 eumque
375 4309 472 4365 looum
488 4307 722 4383 comparavimus
737 4327 803 4365 eum
819 4327 861 4366 or.
877 4312 926 4378 19,
943 4326 981 4365 aot
997 4313 1085 4378 extr„
1102 4308 1152 4366 ubi
1168 4327 1215 4365 res
1231 4327 1265 4365 eo
1278 4307 1420 4376 variatur,

235 4411 313 4488 quod
333 4412 470 4469 fortunae
486 4418 584 4487 partes
600 4412 630 4468 di
646 4412 820 4488 suscipiunt.
851 4411 939 4470 lieeat
955 4411 1029 4469 mihi
1045 4414 1101 4470 hoe
1116 4414 1179 4470 loeo
1196 4413 1232 4469 de
1248 4431 1280 4468 re
1296 4411 1422 4488 quadam

337 4654 357 4715 ¹)
377 4657 412 4720 τῷ
431 4655 508 4720 καιρῷ
528 4651 546 4700 Σ
565 4657 592 4702 et
610 4653 633 4700 L
652 4651 758 4702 codices
776 4655 861 4702 secuti
884 4659 957 4702 reete
976 4652 1087 4702 Voemel
1110 4657 1138 4702 et
1156 4652 1227 4701 Weil
1246 4652 1421 4715 seripserunt3

234 4737 283 4796 τοῖς
302 4739 394 4805 καιροῖς
413 4738 504 4804 vulgo.
