3530 5536
725 463 918 518 ..1.-

208 650 327 726 qualia
346 655 413 710 sunt
430 655 470 710 54
487 656 517 710 et
534 655 583 724 55,
605 671 679 730 quae
694 656 725 710 et
739 655 859 727 propter
874 656 1080 728 argumentum
1094 656 1125 709 et
1139 656 1260 728 propter
1274 653 1415 729 quasdam

208 753 371 813 dictiones
397 757 484 814 facile
510 757 618 813 habere
645 755 758 833 aliquid
785 755 955 813 offensionis
978 755 1126 826 concedit,
1152 754 1329 831 excipienda
1352 776 1414 814 esse

207 863 313 932 negat
329 865 493 936 propterea,
511 861 589 937 quod
600 879 637 918 ue
650 860 692 918 eis
706 859 826 936 quidem
839 859 916 917 desit
930 861 1033 917 modus
1049 864 1079 916 et
1093 879 1245 930 uumerus3
1263 864 1416 935 praeterea

207 982 276 1020 non
295 965 427 1023 nimium
441 965 630 1022 tribuendum
646 983 709 1021 esse
729 963 838 1024 leviter
852 963 980 1040 peccatis
995 964 1027 1020 in
1043 983 1130 1040 opere
1145 965 1181 1020 ad
1194 964 1340 1021 edendum
1355 984 1415 1021 non

208 1069 397 1144 composito.
409 1065 431 1149 ¹)
444 1073 478 1126 ut
489 1069 617 1146 denique
630 1068 775 1143 originem
787 1069 916 1143 explicet
928 1067 1118 1140 collectionis,
1133 1069 1293 1126 secundum
1303 1069 1414 1143 Broug-

206 1171 360 1230 hamium
376 1173 480 1231 statuit
494 1178 613 1250 receptu
624 1193 686 1231 esse
701 1177 768 1249 post
779 1173 811 1230 in
823 1193 888 1230 eam
900 1173 1013 1250 aliquot
1024 1173 1147 1231 exordia
1157 1174 1194 1230 ad
1206 1193 1291 1230 usum
1302 1178 1414 1231 certum

208 1283 379 1355 certasque
395 1277 540 1336 orationes
556 1277 711 1349 destinata,
728 1277 774 1335 uti
789 1297 833 1353 pr.
846 1282 872 1348 7,
887 1281 937 1348 27,
953 1282 981 1348 8,
998 1278 1139 1336 maiorem
1155 1297 1225 1337 vero
1241 1281 1356 1355 partem
1370 1297 1414 1335 se-

207 1380 358 1440 iunctam
369 1385 483 1440 arebus
495 1382 567 1458 ipsis
579 1401 673 1460 neque
685 1383 722 1439 ad
733 1383 824 1439 ullam
833 1387 944 1440 certam
956 1382 1120 1440 orationem
1131 1382 1329 1458 pertinentem
1340 1402 1415 1441 com-

210 1487 352 1567 positam
360 1506 431 1558 esse,
440 1491 474 1544 nt
481 1487 681 1558 adhiberetur,
694 1486 719 1543 si
728 1505 785 1564 quo
793 1486 942 1563 prooemio
950 1486 1100 1562 indigeret
1107 1492 1213 1545 orator.
1227 1506 1261 1546 eo
1272 1487 1415 1545 etiamre-

210 1589 350 1648 ferenda
364 1611 426 1648 esse
438 1591 561 1649 exordia
571 1591 650 1649 Phil.
663 1592 689 1648 I.
703 1595 734 1648 et
746 1591 790 1649 Ol.
803 1592 832 1662 I;
850 1591 1080 1649 Demosthenem
1092 1591 1173 1649 enim
1187 1592 1344 1668 prooemiis
1356 1591 1415 1649 iam
1507 1579 1520 1599 V

211 1699 294 1752 ante
306 1695 475 1773 compositis
486 1715 572 1753 nsum
583 1715 646 1753 esse
657 1695 690 1752 in
702 1694 833 1752 exordiis
845 1695 1020 1766 orationum,
1033 1715 1105 1772 quas
1116 1695 1225 1772 primas
1237 1701 1338 1754 contra
1345 1695 1416 1753 Phi-

212 1797 340 1875 lippum
349 1800 463 1870 habuit,
474 1799 690 1858 conscribendis
701 1799 753 1870 ita,
762 1804 796 1857 ut
808 1819 842 1856 11
853 1803 1027 1857 retractaret
1038 1800 1177 1858 mutando
1190 1804 1220 1859 et
1232 1800 1414 1875 corrigendo.

330 1905 394 1962 Hae
409 1904 502 1978 igitur
516 1905 579 1961 fere
594 1908 671 1974 sunt,
687 1903 747 1961 nisi
761 1905 840 1961 forte
855 1923 930 1980 quae
942 1924 988 1961 me
1003 1905 1154 1978 fugerunt,
1161 1899 1187 1987 ²)
1204 1906 1241 1963 de
1257 1904 1415 1980 prooemiis

213 2008 387 2066 sententiae
399 2010 539 2084 prolatae.
555 2008 640 2068 vides
651 2028 715 2066 rem
726 2011 944 2068 controversam
955 2029 1017 2067 esse
1028 2010 1173 2086 longeque
1188 2009 1268 2067 inter
1279 2030 1309 2068 se
1322 2010 1414 2068 disce·

214 2113 295 2170 dere
316 2113 394 2172 11111
415 2115 524 2171 doctos.
550 2114 581 2170 id
602 2115 679 2190 quod
700 2113 797 2170 nescio
818 2133 855 2170 an
877 2133 911 2170 eo
931 2113 1116 2190 potissimum
1137 2114 1250 2172 factum
1265 2115 1312 2186 sit,
1337 2117 1415 2193 quod

215 2217 403 2275 adiumentis
417 2219 481 2276 fere
496 2217 629 2276 externis
644 2217 691 2275 usi
707 2221 775 2275 sunt
790 2222 821 2276 et
835 2217 1013 2277 adventiciis
1028 2218 1059 2275 in
1074 2238 1107 2278 re
1123 2192 1320 2295 disceptanda,
1341 2240 1416 2298 quae

217 2321 248 2378 si
266 2341 325 2398 qua
339 2322 405 2394 alia,
422 2322 552 2380 maxime
567 2326 740 2397 argumenta
755 2322 905 2380 desiderat
920 2342 959 2380 ex
974 2341 1008 2380 eo
1024 2322 1097 2398 ipso,
1114 2324 1152 2381 de
1167 2343 1224 2401 quo
1240 2323 1347 2398 agitur,
1365 2325 1414 2382 de-

217 2431 349 2502 sumpta.
372 2428 439 2484 nolo
458 2427 551 2502 igitur
569 2427 630 2485 iam
644 2446 722 2484 nunc
737 2427 769 2483 in
789 2426 905 2500 singula
920 2426 1080 2503 inquirere,
1106 2427 1177 2505 quia
1192 2432 1222 2486 et
1236 2429 1356 2502 longum
1371 2433 1416 2487 est

218 2535 255 2588 et
269 2550 339 2588 mox
359 2533 396 2590 de
416 2531 598 2606 gravissimis
617 2551 723 2606 magna
742 2531 826 2607 copia
841 2530 899 2588 1111
915 2531 1042 2590 dicendi.
1067 2534 1117 2590 sed
1132 2552 1203 2593 vere
1218 2532 1295 2590 mihi
1310 2533 1415 2592 videor

219 2635 357 2693 dicturus
377 2657 452 2694 esse:
476 2637 647 2694 intrandum
667 2642 712 2694 111
732 2638 768 2694 de
784 2636 993 2694 Demosthenis
1009 2656 1084 2714 quae
1104 2638 1241 2695 feruntur
1255 2637 1413 2714 prooemiis

220 2741 390 2818 quaerenti*
400 2741 431 2798 in
451 2743 524 2800 haec
539 2741 602 2817 ipsa
616 2746 647 2798 et
663 2741 779 2816 penitus
795 2740 867 2817 quid
882 2741 952 2798 inde
967 2741 1138 2816 proficiatur
1152 2737 1411 2818 pervidendum.³)

328 2847 438 2904 Verum
458 2852 615 2923 antequam
633 2847 709 2903 hanc
728 2865 791 2903 rem
806 2845 1022 2920 adgrediamur,
1043 2865 1136 2923 pauca
1150 2846 1274 2905 dicenda
1290 2866 1352 2904 esse
1367 2846 1412 2906 11-

221 2953 333 3008 dentur
343 2971 410 3009 cum
422 2952 458 3008 de
470 2950 502 3009 vi
513 2954 544 3008 et
555 2955 660 3008 natura
672 2949 861 3008 exordiorum
875 2953 939 3007 tum
956 2951 992 3008 de
1007 2970 1063 3008 usu
1074 2970 1107 3009 ac
1119 2951 1330 3009 consuetudine
1345 2971 1412 3027 pro-

222 3056 320 3114 oemia
339 3057 376 3112 ad
395 3056 510 3113 futuros
529 3074 598 3112 usus
618 3054 793 3112 conficiendi
808 3059 896 3132 atque
912 3056 1133 3131 explorandum,
1150 3055 1278 3131 possitne
1293 3055 1413 3113 omnino

222 3160 352 3218 obtineri
367 3161 598 3218 Demosthenem
617 3159 767 3235 prooemia
786 3159 945 3235 scripsisse.
969 3159 1091 3217 exordia
1107 3164 1137 3216 11
1152 3159 1291 3235 epilogos,
1312 3160 1412 3218 ubire

223 3264 438 3335 desiderantur,
455 3264 515 3322 iam
526 3264 557 3320 in
571 3263 751 3322 orationibus
764 3263 939 3340 quibusdam
950 3263 1055 3320 iliadis
1066 3263 1202 3321 adhiberi
1218 3265 1295 3340 apud
1311 3283 1412 3321 omncs

224 3374 346 3427 constat.
360 3373 560 3446 quantumque
572 3368 703 3444 potuerit
714 3370 764 3427 111
775 3367 989 3445 antiquissimis
1002 3367 1183 3443 temporibus
1195 3388 1241 3424 ars
1253 3367 1411 3438 rhetorica,

224 3473 295 3531 iude
319 3474 453 3548 intellegi
476 3477 581 3548 potest,
606 3474 683 3550 quod
704 3493 741 3530 ne
765 3479 870 3549 poetae
891 3473 1011 3550 quidem
1031 3472 1137 3546 tragici
1160 3493 1194 3530 ea
1216 3471 1411 3529 abstinebant.

224 3582 313 3655 atque
336 3579 367 3635 in
389 3578 493 3654 primis
515 3579 593 3653 apud
608 3577 783 3654 Euripidem
802 3597 951 3653 personae,
975 3597 1050 3654 quae
1066 3582 1165 3652 agunt,
1186 3595 1271 3653 saepe
1287 3580 1413 3633 utuntur

226 3683 384 3758 prooemio,
412 3687 445 3740 ut
471 3702 596 3753 causam,
624 3701 676 3740 cur
701 3683 856 3758 prodeant,
885 3685 1021 3739 enarrent
1047 3686 1098 3737 aut
1124 3685 1157 3738 ut
1183 3680 1214 3736 in
1242 3679 1411 3739 universnm

227 3787 298 3864 quid
321 3787 378 3864 ipsi
401 3791 488 3861 agant
508 3806 641 3864 quaeque
664 3788 742 3844 facta
763 3787 899 3844 dicantur
918 3788 954 3844 ab
974 3785 1151 3845 adversariis
1170 3785 1303 3843 breviter
1322 3805 1411 3861 expo-

226 3890 340 3968 11111)
364 3894 449 3967 longe
471 3891 565 3948 maius
588 3896 687 3948 autem
708 3896 837 3949 oratores
854 3892 886 3949 in
907 3912 971 3948 eam
991 3911 1055 3948 rem
1070 3890 1200 3947 studium
1223 3891 1412 3948 conferebant

332 4045 350 4108 ¹)
370 4043 474 4094 Similia
492 4046 616 4094 statuisse
634 4045 749 4092 vidimus
767 4043 924 4093 Beckerum.

331 4131 350 4196 ²)
370 4131 447 4193 Quod
465 4131 566 4196 Augeri
588 4131 836 4196 interpretationem
854 4130 868 4178 l
886 4131 937 4179 274
954 4146 1010 4195 sqq.
1030 4135 1056 4180 et
1073 4128 1173 4179 Bellini
1192 4129 1224 4178 de
1242 4128 1322 4178 Ballu
1340 4129 1410 4178 Hist.

227 4221 284 4268 cn't.
297 4219 330 4268 de
348 4215 435 4282 l'eloq.
455 4217 520 4267 chen
538 4217 578 4268 les
597 4216 767 4267 Grecs1277
787 4223 814 4266 et
832 4231 872 4280 ea,
892 4231 961 4282 quae
979 4217 1009 4266 F.
1022 4217 1053 4266 A.
1066 4215 1142 4266 Wolf
1157 4217 1186 4264 in
1205 4215 1302 4264 scholis
1321 4215 1411 4264 docuit

226 4305 329 4368 11318,
351 4307 484 4370 inspicere
502 4321 556 4354 non
573 4305 658 4369 potui,
681 4319 778 4369 magno
798 4319 877 4369 opere
896 4304 981 4354 doleo.
1012 4319 1027 4353 e
1046 4304 1242 4353 Westermauni
1260 4302 1321 4353 hist.
1341 4301 1409 4367 eloq.

226 4392 246 4443 I.
265 4391 324 4441 add.
342 4391 394 4440 VII
411 4408 437 4456 p.
450 4392 500 4440 306
523 4395 627 4441 tantum
649 4390 772 4440 intellexi
790 4391 823 4440 ab
841 4391 947 4456 Augero
970 4395 997 4440 et
1015 4388 1112 4439 Wolfio
1130 4371 1267 4453 prooemia
1284 4389 1410 4452 genuina,

226 4493 243 4528 a
261 4477 366 4528 Bellino
384 4479 474 4544 spuria
491 4478 584 4528 habita
602 4493 668 4529 esse.

330 4565 351 4630 ³)
370 4564 531 4630 Coeperunt,
549 4563 577 4620 id
589 4564 660 4630 quod
678 4579 758 4631 supra
776 4565 1023 4627 demonstrabimus,
1041 4563 1111 4612 hanc
1123 4563 1254 4611 rationem
1267 4563 1343 4626 sequi
1356 4561 1409 4610 Do-

152 4659 156 4667 “
225 4652 288 4700 bree
307 4656 335 4700 et
352 4651 435 4701 Blass.

330 4737 350 4802 ⁴)
370 4737 597 4788 1111111111.
674 4781 678 4789 .
