3530 5536
713 499 927 552 ..51-

847 681 996 742 οὐδὲτοῦτο
1009 683 1103 762 μικρὸν
1116 680 1232 761 ὠφελεῖν
1244 675 1328 763 οἶμαι,
1344 680 1368 741 εἰ
1380 683 1414 742 τὰ

840 787 964 862 Ιβέλτιστ’
975 787 1080 846 ἀκούειν
1097 787 1166 862 ὑμᾶς
1181 785 1317 858 συνεθίζω.

282 917 333 970 pr.
353 901 401 965 21,
423 916 435 954 ιι
458 895 597 972 ψηφιεῖσθε
606 891 629 976 1)
652 891 733 975 &nep
757 891 791 954 ἐκ
909 890 1413 970 οτ.ΠΙ4ονιθν.ἐψηφίσαθθετοττα-

208 1001 281 1058 τῶν
294 995 567 1081 παρεληλυθότων
579 997 706 1080 χρόνων,
719 997 790 1056 καθ-
843 997 980 1077 ράκοντα
990 997 1107 1075 τριήρεις
1118 996 1266 1055 καθέλκειν
1277 993 1413 1074 καὶτοὺς

210 1101 454 1181 ε’λκειντριήρεις,
465 1099 613 1180 ἐμβαίνειν,
626 1100 770 1181 εἰσφέρειν.
783 1148 789 1162 .
844 1094 935 1182 μέχρι
946 1095 1041 1161 πέντε
1049 1095 1413 1183 καίτετταροίκοντ’ἒτῶν

844 1203 956 1279 αὐτοὺς
975 1202 1113 1277 ἐμβαίνειν
1129 1199 1183 1267 καί
1197 1198 1412 1291 τάλανθ’ἑξή-

843 1298 927 1369 νοντ’
939 1305 1077 1386 εἰσφέρειν.
1101 1311 1138 1368 of.
1155 1312 1245 1369 otiam
1261 1333 1336 1389 quae
1351 1313 1412 1370 illio

844 1421 1007 1492 sequuntur
1022 1415 1040 1470 c
1056 1459 1063 1473 .
1082 1458 1088 1472 .
1106 1416 1138 1471 ἂν
1154 1415 1277 1494 σιωπηθῇ
1291 1415 1326 1473 τὰ
1339 1415 1413 1496 παρὰ

843 1521 895 1574 τῶν
904 1517 1044 1592 πολεμίων
1053 1515 1099 1575 καί
1108 1523 1210 1595 σχῶσιν
1217 1518 1331 1596 ἡσυχίαν
1342 1520 1411 1578 ἐκεῖ·

843 1640 893 1698 νοι,
905 1621 988 1680 πάλιν
1000 1621 1087 1680 οθκέτι
1099 1623 1193 1702 καιρθν
1206 1617 1274 1682 εἰναι
1286 1626 1411 1704 πράττειν

842 1724 1016 1800 ὑπολήψεσθε
1035 1747 1101 1786 oum
1121 1729 1168 1785 his
1188 1747 1229 1786 or.
1246 1731 1297 1787 ΠΙ
1319 1735 1350 1788 5:
1375 1729 1413 1799 ὡς

842 1829 895 1906 γὰρ
907 1829 1033 1908 ἠγγέλθη
1047 1830 1186 1902 Φίλιππος
1194 1831 1317 1890 ’ἀσθενῶν
1332 1837 1350 1907 ἢ
1363 1853 1412 1892 τε-

843 1933 927 2004 θνεὼς
938 1981 944 1992 .
956 1980 962 1992 .
973 1934 1063 1992 ουκέτι
1075 1929 1329 2012 καιρθνσυθὲνατοϋ
1342 1936 1412 2011 βοη-

843 2039 898 2096 θεῖν
910 2035 1097 2120 νομίσαντεςθ)
1111 2039 1205 2118 ἀφεῖτ’,
1221 2039 1276 2122 (sic
1288 2041 1321 2121 Υ,
1334 2041 1412 2119 ἀφίε-

842 2163 872 2201 τε
887 2141 965 2226 ΣΒ),
983 2139 1005 2201 ὦ
1020 2143 1047 2203 σ’ί.
1065 2143 1116 2221 Ἀ.,
1132 2145 1177 2203 τον
1193 2145 1355 2207 ἀπόστολον.

326 2253 384 2308 Res
407 2257 505 2325 gestae
528 2251 559 2307 in
583 2271 625 2308 or.
641 2252 702 2308 ΙΙΙ,
726 2251 812 2327 plane
828 2256 915 2328 etque
939 2256 1074 2310 accurate
1097 2253 1260 2329 descriptae
1284 2255 1411 2313 convicii

216 2355 367 2430 generalis
389 2356 515 2412 formem
537 2355 568 2411 in
591 2375 635 2430 pr.
662 2359 699 2412 21
725 2355 895 2413 induerunt.
928 2375 1016 2432 quam
1037 2357 1182 2414 rationem
1204 2359 1411 2417 Demosthenis

216 2462 313 2519 verba
328 2479 394 2518 oum
410 2461 515 2516 damno
536 2459 701 2516 sententiae
720 2459 908 2534 proprietatis
930 2461 1103 2518 immutandi
1125 2481 1182 2518 non
1198 2451 1288 2529 semel
1308 2465 1411 2540 depre-

215 2564 379 2621 hendimus
395 2565 427 2621 in
443 2564 609 2640 prooemiis.

287 2689 331 2744 pr.
350 2673 399 2740 30,
415 2666 475 2727 nc&
491 2667 541 2742 μὲν
557 2658 791 2750 νοορεληλοθόν’
909 2689 950 2726 or.
967 2671 1017 2726 ΙΠ
1034 2674 1051 2726 6
1070 2667 1170 2742 τὰμὲν
1187 2666 1225 2753 δὴ
1240 2667 1313 2738 τότε
1327 2690 1411 2753 πρα-

220 2771 272 2829 οθκ
293 2773 325 2828 ἂν
345 2770 443 2840 ἄλλως
463 2771 533 2850 έχοι,
555 2767 606 2834 δεῖ
625 2764 653 2833 θ’
662 2768 740 2852 ὑπὲρ
758 2819 765 2830 .
783 2818 790 2832 .
844 2761 1008 2848 χθέντόθκ
1019 2773 1051 2828 ἂν
1065 2771 1162 2842 άλλως
1174 2771 1247 2849 έχοι·
1260 2778 1313 2834 νῦν
1325 2765 1364 2838 θ’.
1375 2771 1410 2851 θ)

220 2882 252 2934 et
269 2897 313 2952 pr.
327 2881 377 2947 41,
393 2897 406 2934 ο
421 2878 504 2934 ταῦτα
520 2874 570 2948 μὲν
586 2874 635 2934 οθκ
650 2877 682 2932 ἂν
695 2875 791 2945 άλλως

221 2979 294 3057 ἔχοι,
313 2976 366 3040 θεῖ
385 2969 448 3041 θ’..

288 3106 332 3161 pr.
348 3090 375 3157 θ,
389 3106 400 3143 1
414 3083 545 3162 Πολλῶν,
559 3080 581 3143 ὦ
595 3084 621 3142 οί.
635 3084 686 3162 Ἀ,
698 3084 790 3161 λέγων
909 3105 950 3144 or.
967 3087 1062 3144 VIIII
1085 3090 1099 3142 1
1123 3084 1254 3163 Πολλῶν,
1276 3081 1298 3144 ῶ
1314 3086 1341 3146 οί.
1359 3087 1410 3167 Ἂ.,

222 3185 373 3266 εἰρημένων
395 3233 401 3247 .
424 3233 431 3248 .
455 3183 547 3251 οὐδὲν
565 3185 645 3269 ὑμᾶς
664 3195 717 3248 νῦν
736 3189 791 3268 ὁρῶ
843 3186 935 3265 λέγων
950 3189 1120 3264 γιγνομένων
1137 3234 1143 3246 .
1163 3235 1170 3247 .
1187 3186 1233 3264 εἰς
1247 3181 1411 3252 τοῦθ’θιτ-

221 3289 317 3367 ὄντας
327 3288 478 3375 ἐγγυτέρω
489 3287 588 3354 τοῦτο’
599 3286 789 3374 πρακτέον..
842 3287 960 3374 ηχμὲνα
979 3293 1085 3354 πάντα
1104 3293 1144 3353 τὰ
1163 3293 1335 3374 πράγματα
1356 3292 1410 3357 καί

842 3392 1002 3477 προειμέν’
1019 3397 1072 3476 ὁρῶ
1096 3442 1104 3455 .
1130 3443 1151 3474 .,
1181 3401 1218 3457 ef.
1248 3419 1289 3458 or.
1312 3403 1363 3458 ΠΙ
1391 3407 1408 3460 4

841 3499 955 3558 πολλῶν
972 3499 1002 3557 δὲ
1018 3499 1112 3577 λόγων
1127 3499 1173 3559 καί
1189 3501 1301 3579 θορθβου
1314 3523 1409 3580 γιγνο-

842 3604 923 3676 μένου
937 3650 942 3663 .
957 3650 975 3683 .,
992 3599 1045 3689 [or.
1060 3600 1110 3689 25}
1122 3627 1134 3664 ο
1145 3603 1260 3664 πολλῶν
1274 3606 1305 3664 δὲ
1316 3608 1410 3684 λόγων

842 3705 1040 3787 εἰρημένων..

328 3897 347 3963 ¹)
366 3899 408 3948 Ita
425 3900 539 3948 correxit
556 3899 711 3949 Felicianus
728 3901 747 3962 †
764 3899 891 3948 librorum
910 3902 1067 3965 scripturam
1087 3898 1231 3967 ψηφιεῖσθαι.

326 3985 348 4050 ·)
368 3984 406 4035 Cf.
420 3984 540 4050 Thucyd.
552 3985 577 4036 V
598 3987 628 4034 13
648 3983 787 4053 νομίσαντες
807 3982 891 4034 οὐδένα
910 3984 991 4054 καιρὸν
1011 3983 1044 4037 ἐ’τι
1063 3979 1130 4038 εἶναι.

326 4072 349 4139 b)
368 4074 400 4123 V.
419 4074 500 4122 Dobr.
520 4090 545 4138 p.
564 4075 579 4123 8
598 4074 643 4136 ἰο.,
662 4075 709 4138 qui
728 4074 775 4123 hos
794 4073 867 4123 locos
886 4073 1062 4139 compotavit:
1087 4073 1137 4141 [ep.
1157 4074 1191 4142 2]‚
1213 4078 1243 4125 13
1262 4072 1291 4126 τὰ
1307 4074 1355 4144 γὰρ
1376 4074 1407 4145 μὴ

223 4157 329 4226 γενόμεν’
340 4156 383 4208 οθν.
396 4156 447 4210 ’ἐστι
459 4162 556 4223 ποιῆσαι
569 4157 710 4228 γεγενῆσθαι
724 4166 750 4210 et
764 4177 799 4210 or.
814 4161 855 4218 20,
869 4179 893 4208 οι
907 4157 936 4208 τὰ
949 4156 1007 4227 ἔργα
1018 4155 1048 4210 τὰ
1059 4159 1188 4229 πραχθέντ’
1199 4159 1271 4222 ἔστιν,
1285 4161 1408 4229 ἐπειδήπερ

225 4241 285 4304 ἅπαξ
298 4243 413 4315 ἐπράχθη,
434 4262 545 4312 quorum
565 4247 609 4296 hic
628 4263 687 4296 eum
708 4263 744 4296 or.
758 4247 808 4297 III.
828 4246 887 4296 loeo
906 4247 962 4297 fere
981 4249 1112 4312 congruit,
1130 4247 1178 4297 ille
1197 4248 1310 4313 quodam
1330 4249 1407 4300 modo

220 4349 257 4383 ex
274 4334 360 4384 altera
377 4339 452 4399 parte
471 4336 496 4384 ei
514 4335 662 4400 respondet.
687 4335 826 4384 Rehdentz
846 4335 879 4384 ad
897 4334 915 4384 l.
929 4351 950 4385 c.
965 4334 1055 4384 attulit
1074 4336 1155 4385 etiam
1172 4335 1253 4384 Isoer.
1272 4352 1308 4385 οι.
1325 4339 1364 4398 12,
1383 4353 1407 4384 νο

223 4421 298 4470 ταῦτα
321 4419 363 4487 μὲν
385 4414 426 4468 οὖν
449 4417 495 4488 οὐχ
518 4409 567 4469 οἶόν
590 4420 612 4470 τ’
625 4416 708 4479 ἄλλως
732 4417 802 4488 ἔχειν.
840 4423 926 4487 potuit
944 4421 1048 4470 adferre
1066 4423 1202 4486 geminum
1220 4421 1408 4471 Demosthenis

223 4510 312 4559 locum
336 4526 373 4559 or.
393 4511 434 4572 14,
457 4526 481 4558 νο
505 4499 617 4558 οὖδόἶόν
637 4526 661 4558 τε
679 4504 840 4566 ταῦτ’θίλλως
859 4505 930 4577 ἔχειν.
966 4509 1088 4558 similiter
1110 4509 1226 4574 denique
1249 4510 1348 4559 dictum
1368 4515 1408 4558 est

224 4612 260 4646 or.
274 4598 298 4660 4,
318 4613 341 4645 ιι
360 4593 388 4644 οὐ
407 4590 452 4664 γὰρ
472 4593 499 4644 ἂν
518 4593 547 4645 τά
565 4593 588 4663 γ’
599 4592 644 4659 ἤδη
663 4594 811 4663 γεγενημένοι
828 4597 855 4664 τῇ
869 4593 919 4644 νυνὶ
937 4593 1034 4660 βοηθείᾳ
1046 4593 1157 4644 κωλῦσαι
1176 4593 1337 4662 δυνηθείημεν,
1356 4597 1407 4644 nisi

224 4681 320 4746 quodsi
334 4679 431 4747 βοήθεια
449 4684 605 4732 nominatim
619 4683 745 4745 adfertur,
765 4698 900 4747 quequae
919 4684 970 4732 iem
990 4681 1061 4731 faeta
1079 4688 1142 4732 sunt
1159 4683 1260 4732 infecta
1277 4682 1334 4732 fieri
1353 4699 1407 4731 non

223 4785 301 4834 posse
319 4770 451 4818 dicuntur.
