3530 5536
682 539 897 594 *19*

190 748 322 806 aequum
338 734 397 786 est:
414 747 457 804 pr.
472 731 501 799 4,
519 746 530 784 1
543 721 622 784 Ἔστι
634 723 669 806 δ’,
687 721 750 786 dd.
760 725 811 804 Ἀ,
829 723 943 803 δίκαιον,
961 722 1054 797 ἐπειδὴ
1068 721 1108 801 ἐρ’
1121 723 1181 797 ύμῖν
1195 722 1264 782 ἐστιν
1277 721 1389 783 ἑλέσθαι

190 835 244 889 τῶν
261 831 409 910 ῥηθέντων,
435 831 450 889 ό
464 849 488 889 τι
504 832 536 888 ἂν
553 829 701 910 βούλησθε,
718 831 844 889 ἁπάντων
860 829 983 889 ἀκούσαι.
1007 831 1057 888 sed
1072 835 1107 887 ut
1122 835 1190 888 ante
1206 831 1387 902 dictumest,

190 936 288 996 etiam
307 957 407 996 omnes
427 936 568 995 audiendi
589 942 666 1007 sunt,
689 937 713 994 si
730 936 851 1014 quidem
871 936 984 1012 magnis
1005 936 1144 993 derebus
1160 935 1202 992 ita
1218 937 1262 992 est
1278 935 1389 993 delibe-

189 1043 330 1113 randum,
351 1047 385 1100 ut
404 1062 443 1100 ex
463 1040 617 1100 sententiis
640 1041 728 1100 dictis
749 1041 789 1098 sit
809 1041 1040 1100 decernendum:
1061 1059 1106 1115 pr.
1126 1043 1174 1111 10,
1195 1059 1206 1096 1
1228 1033 1251 1094 εἰ
1272 1034 1305 1095 δὲ
1320 1055 1389 1096 σκο-

190 1144 272 1202 πεῖτε
290 1142 337 1204 καὶ
359 1143 514 1219 βουλεύεσθ’
527 1144 565 1214 ὡς
581 1143 682 1203 ἐκτῶν
699 1143 892 1223 ῥηθησομένων
908 1141 1053 1217 δοκιμάσαι
1070 1140 1142 1220 δέον,
1165 1140 1213 1200 oia
1227 1140 1314 1220 ὀρθῶς
1330 1140 1391 1218 ἔχει

190 1248 222 1306 τό
238 1249 360 1308 κωλύειν
374 1252 436 1319 τούς
452 1248 635 1324 βουλομένους
649 1247 753 1327 λέγειν,
766 1270 811 1327 pr.
823 1255 873 1321 27,
887 1269 912 1307 ιε
930 1271 978 1308 ex.
995 1268 1037 1307 or.
1055 1249 1122 1307 XV.
1139 1240 1226 1321 Οίμαι
1243 1245 1298 1306 δεῖν
1310 1245 1390 1325 ὑμᾶς,

192 1351 216 1413 ὦ
234 1355 263 1414 ά.
273 1355 325 1434 Ἀ.,
345 1351 407 1433 περὶ
426 1352 593 1428 τηλικούτων
615 1351 832 1426 βουλευομένους
848 1351 950 1410 διδόναι
965 1350 1115 1430 παρρησίαν
1131 1350 1237 1428 ἑκάστῳ
1252 1355 1306 1409 τῶν
1321 1370 1390 1425 ουμ-

190 1457 394 1536 βουλευόντων,
411 1479 454 1536 pr.
469 1464 519 1530 26,
533 1479 545 1516 1
561 1455 603 1515 δεῖ
618 1457 710 1532 μέντοι
726 1454 787 1536 περὶ
802 1457 969 1535 πραγμάτων
987 1455 1119 1532 μεγάλων
1132 1454 1368 1530 βουλευομένους.
1383 1498 1390 1515 .

193 1563 324 1622 ἁπάντων
346 1560 452 1621 ἐθέλειν
472 1561 581 1622 ἀκούειν
596 1566 649 1619 τῶν
666 1559 914 1635 συμβουλευόντων.
939 1561 997 1619 nisi
1014 1562 1094 1620 enim
1110 1562 1244 1620 omnibus
1264 1567 1392 1640 potestas

196 1671 287 1728 datur
302 1669 431 1740 dicendi,
447 1669 482 1726 fit
496 1674 539 1739 ut,
556 1669 581 1725 si
598 1668 649 1745 qui
665 1669 740 1726 utile
756 1667 827 1745 quid
845 1667 1090 1741 excogitaverint,
1112 1686 1146 1724 eo
1166 1667 1323 1772 prirentur
1342 1667 1393 1745 qui

196 1773 304 1832 audire
324 1775 437 1832 nolunt.
459 1773 582 1844 accedit,
608 1773 686 1849 quod
707 1775 771 1829 tum
791 1772 912 1849 quidam
927 1771 1026 1829 omnia
1041 1772 1078 1829 ad
1093 1772 1277 1831 voluntatem
1292 1771 1393 1849 populi

195 1879 369 1956 loquuntur,
387 1897 460 1954 quae
475 1897 523 1936 res
538 1877 703 1953 perniciosa
719 1883 775 1935 est:
792 1897 835 1954 pr.
853 1882 902 1948 10,
915 1896 928 1934 s
942 1873 1016 1953 παρὰ
1032 1873 1082 1949 μὲν
1094 1868 1147 1953 γὰρ
1162 1879 1215 1932 τῶν
1231 1873 1306 1946 ὅλως
1321 1873 1393 1934 ἀπο-

197 1981 330 2060 οτερεῑσθ
344 1980 377 2038 ἐκ
396 1982 442 2038 τσῦ
461 1981 538 2039 τοῦτο
558 1981 655 2060 ποιεῖν,
678 1978 704 2038 εί
717 2000 741 2038 τι
756 1981 891 2058 χρήσιμον
908 1977 1113 2053 ἐντεθύμηνται·
1130 1977 1192 2049 τούς
1208 1977 1232 2035 δ’
1245 1978 1361 2057 ἀφέντας
1377 1981 1394 2037 θ’

197 2086 378 2162 τυγχάνουσιν
388 2083 548 2163 ἐγνωκότες,
559 2078 596 2143 ὧν
608 2083 678 2159 ύμοῖς
687 2083 824 2158 ἐπιθυμεῖν
837 2082 946 2162 οἴονται,
955 2087 1038 2142 ταῦτα
1049 2083 1150 2141 ποιεῖτε
1163 2081 1357 2157 συμβουλεύειν
1368 2127 1375 2144 .
1386 2128 1393 2144 .

198 2195 231 2249 et
247 2190 387 2248 similiter
402 2195 484 2267 pr.4,
498 2210 509 2247 1
525 2191 731 2248 tumultuando
746 2191 839 2248 multa
855 2194 885 2246 et
900 2189 987 2247 utilia
998 2190 1119 2247 consilia
1130 2189 1228 2265 perire
1241 2189 1393 2248 dicuntur:

200 2294 235 2352 ἐκ
254 2293 306 2368 μὲν
325 2289 371 2351 οὖν
390 2296 437 2352 τοῦ
456 2291 579 2372 θορυβεῖν
594 2293 657 2369 τάχ’
670 2294 702 2349 άν
719 2291 936 2371 δυσχεράναντες
950 2291 1065 2350 πολλῶν
1081 2291 1223 2370 χρησίμων
1240 2291 1394 2371 ἀποστερη-

200 2397 304 2478 θείητε,
322 2396 355 2456 ἐκ
370 2395 400 2456 δὲ
416 2400 462 2456 τού
479 2395 549 2470 μετὰ
563 2397 667 2471 κόσμου
683 2393 730 2455 καὶ
741 2383 824 2474 Ισιγης
839 2394 952 2454 ἀκούσαι
967 2393 1013 2454 καὶ
1024 2395 1058 2454 τὰ
1069 2396 1166 2466 καλῶς
1178 2395 1278 2473 ἐ’χοντα
1290 2397 1396 2456 ἅπαντα

201 2504 331 2578 ποιήσετε
347 2547 355 2563 ,
374 2546 380 2561 .
397 2503 480 2580 atqui
497 2501 607 2562 maiore
622 2503 757 2562 molestia
773 2501 860 2560 adfici
877 2502 1076 2560 Athenienses
1092 2501 1240 2574 dicuntur,
1257 2503 1282 2560 si
1298 2523 1394 2582 quem,

202 2609 255 2686 qui
271 2608 429 2684 opportuni
442 2607 555 2684 aliquid
572 2608 670 2666 dicere
685 2607 786 2683 possit,
804 2606 982 2682 prohibeant
993 2626 1081 2684 quam
1093 2606 1219 2683 siquem
1234 2608 1327 2664 multa
1343 2627 1395 2664 nu-

202 2718 322 2788 gantem
334 2711 469 2770 audiant:
482 2731 527 2787 pr.
539 2714 590 2783 5‚s
603 2707 641 2768 ἐτι
657 2707 681 2767 δ’
691 2707 753 2768 ουδὲ
766 2707 870 2768 πάθοιτ’
884 2711 915 2766 ἂν
929 2706 1014 2783 ἀηδὲς
1026 2707 1103 2768 ούδὲν
1117 2711 1251 2788 τοσούτου,
1265 2707 1289 2768 εἰ
1299 2708 1396 2768 πολλά

202 2835 276 2885 τινος
287 2815 435 2892 ληροῦντος
447 2812 598 2895 ἀκούσαιτε,
616 2815 678 2872 όσον
690 2809 712 2895 1)
729 2811 754 2871 εἰ
768 2818 821 2872 τῶν
834 2812 950 2872 δεόντων
962 2831 986 2871 τι
997 2813 1092 2889 λέγειν
1106 2814 1218 2889 ἔχοντός
1229 2832 1300 2883 τινος
1313 2811 1397 2875 εἰπεῖν

202 2918 368 2980 κωλύσαιτε.

309 3026 434 3085 Accedit
445 3027 579 3084 alterum.
596 3024 639 3083 eis
652 3025 740 3096 onim,
755 3024 806 3102 qui
819 3024 951 3082 oratione
963 3027 1146 3102 quorundam
1157 3026 1235 3102 capti
1248 3027 1397 3085 neminem

205 3135 323 3207 praeter
334 3131 387 3188 hos
399 3129 533 3200 audiunt,
547 3131 658 3187 multae
670 3133 830 3204 etmagnae
838 3128 991 3186 molestiae
999 3129 1183 3188 adferuntur.
1196 3149 1264 3188 nam
1272 3151 1397 3208 quorum

206 3234 336 3292 consiliis
355 3236 438 3293 clade
457 3235 587 3292 nondum
608 3238 728 3309 accepta
746 3252 850 3309 parere
864 3232 981 3304 licebat,
1005 3233 1038 3290 hi
1053 3238 1126 3309 post,
1151 3234 1175 3290 si
1192 3235 1263 3311 quid
1279 3234 1397 3307 accidit,

207 3357 323 3397 causam
345 3338 499 3414 reperiunt
520 3337 702 3414 aptissimam
725 3357 774 3395 eos
796 3337 950 3396 accusandi
974 3342 1064 3415 atque
1087 3338 1268 3412 exagitandi,
1293 3340 1398 3417 quibus

208 3443 277 3500 solis
289 3444 411 3501 facultas
424 3442 542 3501 dicendi
555 3443 623 3499 data
634 3446 687 3512 est,
705 3461 829 3518 eamque
840 3441 1012 3500 avidissime
1029 3441 1184 3518 arripiunt.
1201 3447 1232 3500 et
1243 3445 1321 3520 quod
1337 3448 1399 3501 tur·

208 3546 362 3624 pissimum
377 3551 431 3617 est,
453 3545 504 3624 qui
520 3557 607 3604 antea
622 3546 784 3622 contempti
800 3550 869 3604 sunt
883 3565 901 3604 a
915 3547 1033 3622 populo,
1055 3546 1135 3604 idem
1150 3552 1216 3622 post
1231 3553 1400 3606 accusantes

208 3650 369 3709 laudabiles
384 3650 526 3710 videntur
545 3655 575 3708 et
594 3651 761 3709 laudantur.
785 3651 864 3708 unde
889 3670 957 3708 eum
977 3651 1008 3708 in
1028 3650 1223 3727 suspicionem
1244 3652 1336 3710 mirae
1355 3658 1400 3711 te·

210 3754 354 3814 merItatis
373 3759 462 3832 atque
481 3755 617 3813 inscitiae
636 3755 737 3816 vocari
757 3755 829 3833 quid
850 3756 983 3832 pluribus
1004 3776 1076 3832 opus
1097 3761 1142 3814 est
1157 3756 1322 3832 exponere?
1343 3777 1401 3835 qua

210 3859 241 3917 in
253 3879 285 3917 re
298 3859 481 3917 inlustranda
492 3862 568 3918 bona
579 3880 646 3936 pars
658 3860 802 3937 prooemii
814 3861 984 3918 XXVIIII.
997 3860 1093 3938 posita
1104 3866 1161 3919 est:
1175 3859 1190 3937 ἓ
1202 3866 1217 3919 1
1229 3882 1272 3939 sq.
1290 3859 1402 3939 Πρῶτον

212 3960 262 4035 μὲν
279 3961 355 4020 οθδὲν
373 3960 428 4020 ἐστι
443 3961 546 4040 καινόν,
562 3958 585 4021 ὦ
602 3962 628 4022 ά.
639 3962 690 4041 Ἀ.,
710 3964 765 4032 τοῖς
782 3958 873 4033 δόξασι
897 3963 960 4041 παρ’
973 3961 1034 4037 ύμῖν
1051 3957 1121 4021 εἶναί
1134 3982 1208 4032 τινας
1224 3962 1320 4033 οἵτινες
1335 3962 1402 4021 ἀντ-

213 4067 323 4144 ερούοιν,
341 4063 450 4123 ἐπειδὰν
464 4066 591 4144 πράττειν
603 4085 627 4125 τι
639 4064 699 4148 δέῃ.
716 4063 739 4124 εἰ
756 4063 806 4139 μὲν
822 4062 868 4124 σύν
885 4063 1040 4125 ἀποδόντων
1055 4066 1131 4138 ὑμῶν
1147 4066 1231 4144 λόγον
1246 4065 1345 4137 αὺτοῖς,
1362 4067 1402 4126 ὅτ’

213 4167 401 4248 ἐβουλεύεσθε,
417 4169 487 4228 τοῦτ’
498 4168 613 4248 ἐποίουν,
629 4169 728 4228 τούτων
744 4171 777 4227 ἂν
792 4165 825 4245 ἦν
842 4165 916 4240 άξισν
931 4171 1104 4248 κατηγορεῖν,
1121 4167 1145 4228 εἰ
1159 4167 1221 4250 περὶ
1236 4164 1274 4229 ὧν
1289 4171 1402 4246 ἥττηντο

214 4272 354 4348 ἐβιάζοντο
372 4273 456 4333 πάλιν
475 4274 585 4353 λέγειν·
606 4277 650 4333 νύν
670 4272 702 4332 δὲ
720 4273 828 4344 τούτους
849 4273 899 4347 μὲν
920 4271 997 4332 οὐδέν
1014 4273 1068 4333 ἐστ’
1081 4273 1180 4333 άτσπον
1196 4271 1280 4333 εἰπεῖν
1297 4272 1403 4348 βουλη-

214 4377 292 4454 θῆναι
310 4377 385 4437 ταύθ’
402 4379 420 4436 ά
434 4378 490 4437 τότ’
500 4377 551 4454 οὺχ
566 4377 720 4453 ὑπεμείνατ’
730 4377 852 4450 ἀκούσαι,
868 4378 929 4453 ύμῖν
946 4377 970 4436 δ’
981 4379 1012 4438 άν
1027 4398 1067 4450 τις
1083 4375 1195 4449 εἰκότως
1211 4377 1403 4457 ἐπιτιμήσειεν,

215 4476 237 4540 ὦ
249 4475 277 4542 ά.
288 4470 339 4560 Ἀζ,
355 4482 396 4541 ότι
411 4481 509 4541 όπόταν
525 4478 586 4563 περί
596 4501 642 4540 του
656 4481 832 4561 βουλεύησθε,
849 4481 898 4541 olas
909 4483 972 4542 ἐᾶτε
983 4482 1079 4560 λέγειν
1091 4483 1205 4541 ἕκαστον
1217 4484 1235 4540 ά
1246 4483 1403 4561 γιγνώσκει,

214 4584 280 4645 ἀλλ’
293 4588 326 4644 ἂν
342 4586 430 4666 ἕτεροι
448 4584 486 4663 τῷ
501 4583 580 4665 λόγῳ
595 4584 771 4666 προλάβωσιν
791 4585 871 4666 ὑμᾶς,
890 4585 1001 4658 ούδενδς
1017 4588 1049 4646 όν
1064 4591 1116 4645 τῶν
1133 4586 1232 4665 ἑτέρων
1251 4585 1403 4647 ἀκούσαιτε.

217 4724 420 4733 n—————

320 4811 339 4880 ¹)
359 4805 415 4861 deos
435 4827 485 4861 om.
506 4809 524 4860 Σ
543 4816 571 4862 et
589 4807 616 4861 Υ.
636 4839 668 4846 -
686 4811 711 4875 ἢ,
730 4828 784 4862 τισιν
804 4809 823 4860 εἰ
842 4811 924 4864 habet
942 4808 961 4859 Σ
979 4811 1030 4862 ml.
