3530 5536
331 552 374 608 VI

330 738 498 802 materiam
515 738 704 821 dividerem,
726 739 922 823 quaestionis
937 740 1038 824 ipsius
1055 749 1171 804 natura
1186 742 1318 805 monuit.
1350 742 1519 828 explicatis

332 860 466 924 enimet
488 868 636 924 veterum
651 867 683 923 et
705 860 922 924 recentiorum
939 860 979 924 de
1001 862 1172 947 prooemiis
1193 864 1359 926 sententiis
1381 865 1520 949 primum

330 992 399 1048 erat
415 981 646 1070 quaerendum,
663 992 771 1046 utrum
787 982 829 1047 ab
845 1004 909 1047 uno
925 1005 967 1046 an
983 982 1025 1048 ab
1041 983 1187 1069 pluribus
1203 982 1384 1050 hominibus
1399 987 1432 1050 in
1449 1009 1521 1051 eam

330 1127 413 1192 quae
443 1127 531 1170 nunc
561 1112 610 1168 est
639 1126 750 1169 eorum
780 1105 917 1170 formam
948 1106 1081 1170 redacta
1113 1105 1261 1191 putanda
1291 1109 1368 1189 sint3
1403 1108 1521 1174 deinde

329 1228 505 1293 dicendum
529 1236 599 1292 erat
621 1226 662 1292 de
685 1249 796 1293 eorum
823 1227 968 1294 locorum
991 1251 1148 1293 consensu
1170 1228 1265 1293 modo
1288 1239 1401 1314 aperto
1423 1231 1519 1296 modo

328 1351 458 1436 latente,
490 1351 544 1435 qui
574 1352 745 1436 prooemiis
778 1373 963 1417 communes
994 1360 1068 1416 sunt
1098 1373 1172 1416 cum
1202 1351 1398 1417 orationibus
1422 1364 1520 1420 anta

329 1472 549 1538 Demosthene
565 1483 621 1538 aut
643 1474 685 1539 ab
702 1474 773 1539 aliis
790 1475 990 1560 conscriptis,
1015 1473 1314 1559 disserendumque,
1339 1475 1417 1560 quid
1440 1476 1518 1540 locis
1543 1469 1544 1474 ¹

328 1595 390 1660 illis
420 1596 452 1659 in
476 1595 583 1661 medio
613 1598 724 1681 positis
748 1607 844 1683 atque
868 1596 1041 1682 diligenter
1070 1597 1154 1661 inter
1177 1616 1211 1659 se
1235 1598 1429 1681 comparatis
1453 1597 1519 1661 efli-

328 1726 456 1783 ceretur
478 1717 521 1782 ad
543 1718 698 1783 iudicium
722 1720 762 1784 de
786 1722 1023 1804 prooemiorum
1047 1729 1178 1783 auctore
1202 1718 1397 1784 faciendum.
1443 1742 1518 1807 quo-

327 1842 415 1904 niam
444 1842 542 1924 igitur
569 1841 756 1926 disputandi
787 1844 944 1908 rationem
975 1842 1182 1928 ostendimus,
1215 1841 1378 1906 ordiamur
1405 1840 1517 1922 abeo,

328 1962 414 2047 quod
443 1964 582 2047 primum
605 1961 711 2048 posui,
740 1973 771 2028 et
793 1966 937 2029 virorum
962 1964 1129 2029 doctorum
1152 1963 1193 2028 de
1215 1964 1387 2049 prooemiis
1410 1964 1517 2027 varias

328 2087 502 2149 sententias
534 2084 819 2172 discrepantesque
851 2086 1060 2172 explicemus,
1092 2108 1156 2171 qua
1184 2085 1400 2171 disputatione
1424 2085 1518 2150 simul

327 2208 381 2271 via
404 2206 446 2270 ad
471 2227 510 2270 ea
533 2229 617 2293 quae
640 2217 818 2293 sequuntur
840 2207 1050 2295 parabitur.¹)

432 2381 453 2446 ¹)
472 2383 530 2432 Iam
553 2385 703 2448 propositus
722 2388 779 2433 erat
801 2383 845 2432 hic
864 2383 932 2433 liber
954 2384 1132 2449 professorum
1151 2384 1205 2434 ord.
1224 2382 1289 2447 phil.
1308 2381 1432 2448 collegio,
1455 2398 1516 2431 eum

326 2473 354 2519 in
378 2485 471 2520 manus
495 2484 568 2519 meas
591 2471 667 2520 venit
689 2469 805 2532 libellus,
828 2485 907 2536 quem
932 2472 1091 2536 conseripsit
1107 2471 1137 2520 P.
1156 2470 1230 2521 Uhle
1246 2466 1299 2519 ‘De
1321 2471 1516 2535 prooemiorum

327 2556 495 2607 collectionis
522 2571 592 2621 quae
620 2557 810 2607 Demosthenis
840 2558 950 2608 nomine
977 2558 1062 2607 fertur
1090 2555 1201 2623 origine'
1229 2556 1288 2622 (lib.
1315 2556 1398 2607 schol.
1426 2571 1515 2621 gymn.

326 2643 540 2694 Chemniciensis
552 2659 575 2694 a.
592 2644 677 2708 1885).
703 2660 783 2710 quam
796 2645 1052 2710 disputatiunculam
1068 2661 1128 2694 cum
1142 2645 1274 2710 legissem,
1291 2645 1381 2694 statim
1393 2641 1517 2692 intellexi

327 2732 391 2780 mihi
414 2732 494 2781 huius
517 2731 579 2780 libri
597 2733 625 2780 in
648 2731 785 2797 publicum
804 2732 902 2782 edendi
921 2732 1062 2782 consilium
1082 2715 1250 2782 abiciendum
1270 2747 1324 2780 non
1343 2745 1407 2780 esse.
1444 2729 1517 2796 quod

327 2819 423 2882 quibus
446 2819 479 2867 de
502 2820 588 2867 causis
611 2820 757 2880 statuerim,
780 2818 859 2868 facile
883 2824 1054 2885 cognoscent,
1077 2833 1160 2884 penes
1178 2834 1244 2883 quos
1262 2823 1364 2866 rectum
1387 2817 1515 2866 iudicium

327 2911 374 2954 est.
399 2911 517 2954 ceterum
537 2905 565 2955 id
582 2905 678 2955 addam
692 2921 735 2954 me
747 2922 801 2956 non
819 2909 943 2971 ignorare
962 2906 1084 2955 libellum
1103 2905 1179 2954 illurn
1199 2906 1239 2954 bis
1251 2920 1390 2954 censuram
1404 2918 1516 2968 eamque

327 2993 405 3040 nimis
423 2991 567 3056 benignam
583 2992 696 3040 subiisse
717 2993 797 3055 (Phil.
812 2993 947 3042 Rundsch.
961 2994 984 3043 V
1001 2995 1065 3042 1322
1079 3008 1144 3057 sqq,
1165 2991 1234 3040 Berl.
1248 2991 1312 3056 phil.
1326 2990 1516 3040 Wochensclrr.

328 3079 350 3128 V
372 3080 437 3126 1418
456 3079 533 3143 sqq.).
