3530 5536
715 479 929 533 -15..

206 667 356 740 accedat,
376 668 466 728 nihili
481 672 534 739 est,
555 667 627 746 quid
642 667 713 726 inde
727 666 842 726 accidat
856 666 901 724 rei
916 666 1049 742 publicae
1064 664 1141 722 nihil
1156 670 1268 724 emant.
1289 671 1415 725 utantur

207 777 326 830 autem
336 773 388 830 isti
401 774 619 849 depeculatorea
630 771 662 829 in
674 771 860 830 contionibus
872 770 1027 828 calumniis
1043 775 1073 828 et
1088 769 1343 829 criminationibus
1358 771 1413 830 im·

207 877 386 951 pudentiae
402 877 496 954 plenia
514 879 571 935 hoc
590 876 727 936 arbitrati
746 876 928 934 tutissimum
949 894 1021 946 esea,
1046 895 1122 952 quae
1141 874 1198 951 ipsi
1216 875 1343 934 fecerint
1362 882 1414 935 aut

206 980 346 1051 faciant,
362 981 565 1046 calumniando
577 981 609 1038 in
621 981 693 1039 alios
709 982 894 1058 detorquere.
912 1000 969 1058 qua
984 979 1016 1038 in
1031 1000 1064 1038 re
1078 980 1191 1054 agenda
1205 999 1309 1055 magno
1326 1000 1413 1057 opere

207 1085 407 1146 adiuvantur
419 1104 504 1144 caeca
515 1105 549 1144 ac
559 1086 688 1143 nefanda
698 1085 781 1160 vulgi
797 1084 961 1162 cupiditate
976 1085 1133 1143 accusandi
1149 1089 1179 1142 et
1193 1086 1269 1142 male
1285 1084 1412 1143 dicendi.

808 1279 834 1316 a.

330 1419 374 1474 pr.
387 1402 438 1470 42,
451 1418 463 1456 1
478 1395 557 1455 σθδέν
570 1394 649 1474 ἐστιν,
663 1391 685 1453 ὧ
697 1392 781 1470 ό.Ἀ.,
794 1398 871 1454 τοῦτο
884 1394 997 1475 ἁλογον,
1014 1393 1074 1466 τοὺς
1089 1393 1133 1454 ἀεὶ
1148 1392 1195 1454 καὶ
1210 1400 1332 1473 συνεχῶς
1347 1396 1413 1475 ὑπὲρ

208 1503 275 1558 τῶν
292 1499 460 1578 ὀλιγαρχιῶν
475 1499 702 1575 πολιτευομένους
712 1497 759 1559 καὶ
770 1502 814 1558 νῦν
826 1503 910 1558 ταῦτα
918 1503 1058 1568 ποιοῦντας
1068 1495 1276 1578 ἐξελέγχεσθαι.
1287 1523 1331 1579 pr.
1342 1507 1391 1576 36,
1401 1523 1413 1562 a

210 1601 304 1678 ὑμεῖς
317 1650 325 1666 .
339 1651 346 1665 .
358 1605 464 1684 πρόιστε
481 1650 488 1666 .
506 1649 513 1664 .
531 1599 568 1664 ιῖιν
587 1604 659 1663 ἔνεμ’
673 1605 759 1663 αῐιτῶν
776 1605 891 1675 ἕκαστος
906 1603 1073 1683 δημηγορεῖφ
1090 1606 1127 1664 cf.
1141 1605 1231 1664 etiam
1246 1626 1291 1682 pr.
1305 1611 1333 1679 2,
1347 1626 1358 1664 1
1370 1627 1412 1684 aq.

805 1781 833 1838 b.

331 1940 374 1996 pr.
388 1925 438 1992 41,
451 1917 496 1992 εὴ
513 1913 620 1992 μὲνοῦν
637 1916 709 1995 ἀρχὴ
725 1920 771 1976 τοῦ
786 1916 859 1975 ταῦθ’
873 1916 956 1988 οότως
972 1916 1047 1992 ἔχειν
1063 1916 1166 1975 ἐκεῖθεν
1181 1915 1304 1997 ἤρτηται,
1321 1917 1354 1977 ἐκ
1368 1924 1414 1978 τοῦ

214 2027 275 2097 τῆς
290 2027 462 2102 παραχρῆμα
475 2021 542 2100 πρός
558 2021 628 2096 ὑμᾶς
643 2023 725 2080 ἕνεκα
740 2017 853 2100 χάριτος
870 2018 955 2090 ἐνίους
967 2026 1019 2079 τῶν
1035 2020 1174 2098 λεγόντων
1187 2019 1309 2082 ἐνταυθοῖ
1320 2022 1413 2099 δημη-

215 2127 328 2206 γορεῖν.
345 2148 388 2204 pr.
401 2133 427 2199 1,
437 2147 450 2185 a
461 2128 600 2200 νομιστέον
612 2126 663 2202 οὺχ
674 2127 704 2196 ’ός
716 2128 748 2183 ἂν
760 2126 821 2199 ὑμῖν
833 2127 850 2198 ἢ
864 2123 950 2200 μηδὲν
962 2127 979 2198 ἢ
993 2125 1076 2204 μικρὰ
1087 2126 1247 2208 προστάττῃ,
1260 2130 1352 2187 τοῦτον
1364 2126 1413 2207 όρ-

217 2231 281 2302 θῶς
292 2228 388 2308 λέγειν
401 2274 408 2289 .
423 2274 430 2289 .
444 2227 510 2288 ἀλλ’
523 2230 554 2300 δς
570 2231 602 2288 ἂν
616 2230 647 2288 τό
662 2227 820 2308 χαρίζεσθαι
831 2228 936 2309 παρείς,
953 2231 970 2287 οἳ
983 2228 1045 2288 δεῖ.
1059 2232 1161 2290 ,ταῦτα
1172 2229 1255 2312 λέγῃ.
1273 2235 1310 2292 of.
1324 2235 1414 2292 etiam

218 2356 269 2412 pr.
281 2339 354 2408 aaa
365 2341 396 2395 et
409 2340 458 2408 26,
468 2355 489 2394 υ.
502 2368 545 2378 -
556 2356 600 2413 pr.
610 2340 658 2408 17,
670 2355 682 2394 a
694 2334 723 2392 οὺ
730 2333 784 2412 γὰρ
793 2331 885 2414 ἐνδείᾳ
897 2352 941 2408 μοι
954 2332 1060 2392 δοκεῖτε
1071 2333 1164 2412 λόγων
1176 2333 1240 2394 σθδέ
1252 2338 1295 2395 νῦν
1308 2336 1414 2416 όρᾶντὰ

218 2440 374 2518 πράγματα
384 2439 473 2498 πάντα
483 2438 694 2517 λελυμασμένα,
707 2437 785 2498 ἀλλὰ
795 2436 834 2516 τῷ
844 2437 907 2511 τοὺς
919 2436 969 2513 μὲν
982 2438 1083 2497 ἑαυτῶν
1095 2439 1176 2498 ἕνεκα
1189 2439 1356 2519 δημηγορεῖν
1367 2441 1414 2500 καὶ

218 2542 425 2623 πολιτεύεσθαι,
440 2542 501 2616 τοὺς
517 2541 549 2602 δέ
565 2545 646 2619 μήπω
661 2544 754 2604 τούτου
770 2543 926 2613 δεδωκότας
940 2545 1035 2623 πεῖραν
1052 2542 1163 2617 μᾶλλον
1179 2543 1252 2616 όπως
1265 2541 1293 2604 εὖ
1308 2543 1415 2618 δόξουσι

220 2646 321 2726 λέγειν
332 2647 498 2728 σπουδάζειν,
510 2650 596 2722 ηπῶς
604 2649 683 2728 ἔργον
696 2645 728 2720 ἐξ
739 2642 776 2708 ὧν
788 2645 900 2726 λέγουσί
911 2667 936 2706 τι
949 2648 1081 2727 συμφέρον
1092 2649 1290 2728 πραχθήσεται.
1306 2672 1350 2728 pr.
1364 2657 1391 2724 9,
1402 2673 1414 2712 a

221 2750 252 2811 οἱ
269 2751 318 2826 μὲν
334 2750 379 2813 οὖν
394 2753 462 2814 οὕτω
478 2735 615 2834 χρῶμενοι
627 2751 665 2833 τῷ
681 2751 874 2828 συμβουλεύειν
891 2749 999 2811 δοκοῦσί
1014 2771 1060 2826 μοι
1074 2753 1123 2827 τὴν
1139 2751 1192 2812 σίπδ
1207 2757 1261 2812 τῶν
1279 2753 1413 2834 ῥηθέντων

221 2860 273 2917 τοῦ
297 2857 424 2917 δύνασθαι
445 2856 540 2936 λέγειν
567 2853 649 2930 δόξαν
671 2859 836 2937 γιγνομένην
863 2855 953 2926 αὺτοῖς
979 2854 1073 2930 ἱκανὴν
1100 2855 1254 2935 φιλοτιμίαν
1279 2859 1413 2936 ἡγεῖσθαι.

223 2984 272 3040 pr.
292 2968 318 3035 7,
335 2981 360 3022 1:
384 2985 432 3022 ex.
449 2984 491 3024 or.
506 2966 616 3023 XIIII.
640 2960 714 3022 αθτοὶ
737 2962 787 3038 μὲν
809 2965 856 3023 τοῦ
879 2961 1004 3020 δύνασθαι
1025 2960 1120 3039 λέγειν
1140 2957 1222 3033 δόξαν
1246 2961 1412 3044 ἐκφέρονται.

223 3087 272 3145 pr.
286 3073 335 3139 32,
349 3088 360 3126 1
373 3066 549 3141 Ἠβουλόμην
562 3067 604 3147 av,
615 3062 636 3125 ὦ
649 3067 676 3128 οἷ.
686 3067 737 3148 Ἀ,
750 3066 798 3142 τὴν
810 3064 869 3142 ἰ’σην
882 3064 999 3140 σπουδὴν
1012 3063 1097 3135 ἐνίους
1107 3070 1160 3124 τῶν
1172 3066 1310 3145 λεγόντων
1325 3071 1413 3128 ποιεῖ-

225 3171 298 3249 σθαι,
314 3172 387 3242 ὅπως
397 3170 432 3230 τὰ
443 3169 561 3244 βέλτιστ’
571 3170 683 3251 ἐροῦσιν,
700 3172 816 3250 όσηνπερ
829 3172 902 3242 όπως
915 3165 944 3230 εὖ
957 3166 1063 3241 δόξουσι
1074 3170 1178 3250 λέγειν.
1194 3193 1238 3250 pr.
1252 3177 1302 3247 45,
1316 3194 1327 3232 1
1340 3173 1413 3231 Βου-

225 3271 329 3350 λοόμην
348 3269 390 3350 σ’ίν,
414 3270 542 3353 easta,
564 3272 626 3354 περὶ
646 3269 683 3335 tv
705 3274 869 3352 εθδοιιίμηιτε
888 3275 982 3355 λέγων
1001 3275 1065 3355 παρ’
1077 3275 1137 3350 ὑμῖν
1153 3275 1168 3334 ό
1188 3274 1272 3357 δεῖνα,
1295 3274 1340 3335 ἐπὶ
1359 3281 1413 3336 τῶν

227 3378 316 3458 ἔργων
328 3376 408 3462 (τῶν)
419 3376 440 3462 ¹)
456 3381 647 3457 πραττομένων
663 3378 720 3440 ἴσον
736 3378 808 3460 αθτῷ
823 3381 868 3440 τὀν
885 3381 992 3441 ἔπαινον
1004 3381 1144 3459 γενέσθαι·
1157 3383 1194 3442 of.
1207 3404 1251 3460 pr.
1266 3389 1294 3455 9,
1307 3403 1328 3441 1.
1344 3404 1413 3442 nam

225 3504 331 3546 verum
346 3490 399 3557 est,
421 3488 499 3563 qnod
519 3487 628 3561 legitur
642 3507 686 3564 pr.
704 3491 754 3558 45,
770 3506 784 3545 ι
803 3481 886 3544 εἰπεῖν
907 3485 957 3560 μέν
972 3486 1037 3566 γάρ,
1057 3481 1122 3544 aa.
1134 3484 1186 3563 Ἀ,
1206 3487 1294 3544 πάντα
1312 3486 1413 3564 πέφυκε

228 3583 330 3668 ῥᾴδιον,
349 3584 449 3668 πρᾶξαι
465 3587 490 3648 δ’
502 3588 554 3666 οθχ
568 3589 683 3667 ἅπαντα,
699 3597 730 3650 et
745 3593 782 3649 ad
797 3592 984 3669 eloquentiae
999 3594 1117 3651 laudem
1131 3592 1214 3651 utilia
1229 3593 1353 3651 alicuine
1368 3593 1413 3652 rei

227 3693 304 3754 actio
319 3695 439 3753 accedat
453 3714 570 3754 necesse
586 3701 640 3767 eat,
657 3716 694 3754 nc
709 3696 740 3753 in
755 3697 922 3773 praesentia
936 3701 1062 3768 tantum,
1084 3698 1135 3756 aed
1149 3717 1264 3774 semper
1278 3717 1322 3769 ea,
1339 3717 1414 3775 quae

227 3799 307 3860 dicta
316 3800 439 3872 fuerint,
451 3802 527 3859 bene
539 3821 570 3859 aa
581 3801 723 3871 habeant;
737 3801 775 3859 cf.
784 3821 828 3876 pr.
840 3806 867 3872 9,
878 3819 890 3858 a
903 3797 945 3856 δεῖ
951 3792 1005 3878 γὰρ
1014 3801 1069 3871 τοῖς
1078 3795 1121 3858 ἐπὶ
1133 3803 1185 3857 τῶν
1197 3799 1291 3876 λόγων
1302 3798 1412 3860 εθδοιιι-

229 3906 305 3976 μοῦσι
325 3903 503 3983 συμφέροντός
520 3922 592 3975 τινος
611 3903 692 3983 ἔργου
711 3899 806 3982 πρᾶξιν
825 3905 973 3984 προσεῖναι,
996 3902 1040 3963 ἵνα
1059 3905 1097 3978 μὴ
1112 3907 1157 3963 νῦν
1173 3904 1265 3984 μόνον,
1289 3903 1357 3964 ἀλλ’
1370 3903 1413 3965 ἀεὶ

227 4006 261 4066 τὰ
276 4006 391 4088 ῥηθέντα
405 4007 501 4079 καλῶς
516 4008 581 4091 ἔχη.
597 4011 634 4069 of.
651 4031 695 4087 pr.
713 4014 763 4081 33,
779 4030 801 4068 a.

808 4203 832 4244 θ.

332 4323 486 4382 Oratorem
498 4323 626 4400 denique
641 4323 776 4400 plerique
791 4343 850 4381 non
866 4324 903 4382 de
918 4323 1076 4401 propositis
1090 4326 1178 4382 rebus
1189 4325 1329 4401 populum
1343 4324 1412 4381 cdo·

229 4432 304 4496 cent,
326 4429 377 4484 sed
393 4447 423 4485 ae
438 4427 470 4484 in
484 4427 581 4487 vicem
596 4433 732 4486 accusant
747 4433 778 4485 et
793 4428 978 4486 contumeliis
993 4432 1118 4488 vexant:
1142 4448 1186 4504 pr.
1205 4433 1233 4500 6,
1249 4447 1261 4485 1
1281 4423 1365 4484 αἴτιον
1381 4423 1412 4483 δὲ

228 4529 319 4587 τσότου
338 4529 416 4588 τσθτό
436 4529 512 4609 όπερ,
537 4523 621 4606 οἶμαι,
641 4531 688 4590 τοῦ
707 4534 802 4602 κακῶς
823 4529 897 4608 ἔχειν
912 4529 945 4588 τὰ
961 4529 1024 4589 όλα.
1049 4531 1079 4589 σθ
1094 4529 1147 4608 γὰρ
1166 4532 1336 4610 παραινοῦσιν
1352 4529 1412 4605 ὑμῖν

333 4753 353 4818 ¹)
371 4752 420 4803 τῶν
438 4753 554 4802 DIndorf
570 4760 597 4802 et
615 4753 722 4820 Sauppe
741 4755 879 4805 eiecerunt
897 4753 1050 4805 Dobraeum
1068 4755 1086 4818 †
1104 4754 1196 4804 secuti.
