3530 5536
713 467 904 522 „5-

197 650 330 710 tionum
342 653 482 725 exordiis,
495 654 580 712 modo
593 653 717 714 servatis
729 655 816 712 modo
828 654 1111 732 mutetisoratorum
1121 655 1230 726 verbis,
1243 658 1404 732 composita

197 755 274 815 sint'
294 760 337 816 ad
355 759 503 837 liquidum
522 759 644 835 perduci
664 778 747 835 posse
763 764 864 834 negat3
888 759 1067 836 probabilior
1086 765 1185 817 temen
1201 759 1229 817 ei
1245 759 1404 820 videbatur

196 861 278 920 olim
296 865 393 921 altera
408 883 496 940 quam
512 863 592 940 prior
607 863 763 922 sententia.

316 968 441 1025 Restant
456 968 514 1025 duo
532 967 602 1038 viri,
623 967 674 1045 qui
694 967 857 1026 accuratius
879 987 967 1045 quam
986 972 1054 1026 ante
1073 969 1257 1039 factumest,
1279 969 1316 1026 de
1335 987 1402 1045 pro-

196 1071 318 1130 oemiis
334 1071 566 1148 disputaverunt,
582 1071 750 1146 Brougham
770 1075 801 1129 et
814 1071 906 1128 Blass.
934 1090 1058 1148 quorum
1078 1072 1115 1128 de
1134 1071 1297 1129 rationibus
1318 1076 1400 1130 ante·

195 1193 302 1252 qnam
317 1175 448 1252 pluribus
463 1175 614 1246 disseram,
631 1177 809 1251 complector
822 1175 907 1235 brevi
924 1195 967 1246 ea,
985 1195 1060 1253 quae
1076 1177 1112 1233 de
1127 1176 1183 1234 hoc
1195 1176 1403 1234 Demosthenis

196 1280 329 1337 nomini
348 1280 490 1339 attributo
506 1299 594 1356 opere
609 1299 627 1338 a
641 1279 715 1340 viris
731 1280 904 1358 quibusdam
920 1280 1018 1355 magni
1034 1280 1140 1338 iudicii
1155 1301 1208 1357 per
1224 1281 1403 1340 occasionem

196 1383 378 1459 significata
393 1389 469 1443 sunt.
490 1385 608 1443 Boeolsh
627 1384 720 1459 igitur
738 1383 889 1461 prooemia
907 1403 959 1460 pro
976 1385 1174 1460 suppositiciis
1188 1386 1307 1457 habuit;
1319 1379 1342 1466 ¹)
1363 1386 1402 1443 si-

198 1488 374 1567 milemque
389 1489 422 1546 in
437 1490 557 1547 modum
570 1491 608 1547 A.
625 1488 765 1546 Schaefer
779 1487 908 1546 rhetoris
928 1507 1046 1545 manum
1065 1488 1152 1546 facile
1172 1488 1204 1545 in
1224 1488 1268 1547 eis
1287 1489 1402 1564 agnosci

199 1593 367 1652 contendit
385 1598 474 1671 atquc
493 1593 710 1670 prooemiorum
729 1592 788 1651 alia
807 1613 846 1650 ex
861 1592 1069 1650 Demosthenis
1089 1593 1269 1652 orationibus
1289 1594 1333 1652 ita
1352 1615 1403 1652 ex·

199 1703 314 1774 eerpta
329 1718 401 1768 esse,
423 1702 529 1755 utnon
545 1697 623 1754 nihil
636 1697 687 1755 hic
701 1696 744 1754 ibi
760 1701 836 1754 esset
851 1701 1007 1768 mutatum,
1030 1697 1087 1755 alia
1102 1698 1225 1756 fortasse
1241 1701 1402 1756 secundum

199 1802 426 1878 Kiesslingium
438 1806 576 1862 convecta
585 1822 624 1859 ex
635 1802 761 1859 aliorum
773 1801 961 1873 orationibus,
975 1821 1033 1859 non
1045 1803 1126 1859 nulla
1138 1801 1228 1860 etiam
1239 1805 1276 1861 ab
1288 1823 1334 1874 eo,
1350 1803 1402 1881 qui

199 1908 267 1966 hoe
284 1926 389 1984 corpus
405 1906 615 1978 constituisset,
633 1899 809 1986 coniectast)
826 1906 954 1984 denique
966 1907 1058 1965 (lebet
1066 1899 1090 1987 ³)
1108 1907 1257 1983 prooemia
1272 1928 1289 1966 a
1303 1908 1403 1967 nescio

201 2032 270 2090 qno
289 2013 410 2070 rhetore
426 2013 546 2069 collecta
561 2010 635 2069 dicit
649 2015 680 2068 et
695 2030 830 2085 magnam
844 2015 959 2086 partem
974 2031 1013 2068 ex
1028 2011 1228 2070 Demosthene
1243 2006 1402 2093 emptast)

317 2117 374 2175 Sed
386 2116 446 2174 iam
457 2117 494 2174 ad
505 2114 697 2190 Broughamii
708 2114 873 2192 Blassiique
885 2116 1046 2173 sententias
1059 2117 1246 2192 explicandas
1260 2121 1402 2176 revertar.

201 2222 379 2296 Brougham
386 2213 411 2301 ⁵)
433 2220 533 2296 igitur,
551 2219 649 2297 quiet
666 2219 729 2295 ipse
744 2218 804 2276 fuit
819 2223 917 2277 orator
931 2220 1089 2295 perfectus,
1111 2239 1176 2277 cum
1193 2219 1224 2276 in
1239 2219 1403 2297 prooemio-

201 2345 276 2383 rum
288 2324 490 2384 collectionem
501 2323 714 2401 inquisivisset,
730 2324 763 2381 in
775 2342 876 2381 eornm
888 2327 986 2399 partes
1002 2323 1135 2395 transiit,
1152 2323 1203 2401 qui
1215 2343 1279 2382 eam
1291 2326 1326 2382 ab
1338 2323 1402 2399 ipso

203 2431 410 2489 Demosthene
431 2430 467 2488 ad
490 2430 605 2486 futuros
628 2448 696 2486 usus
719 2429 896 2487 elaboratam
922 2434 1108 2486 censuerunt.
1135 2430 1213 2508 quod
1233 2433 1267 2486 ut
1281 2429 1401 2499 faceret,

202 2536 257 2593 his
275 2536 340 2593 fere
359 2534 453 2592 causis
467 2534 610 2592 adductus
626 2538 680 2591 est.
700 2533 829 2609 primum
844 2532 965 2610 quidem
980 2533 1113 2609 exceptis
1130 2533 1230 2609 paucis
1245 2534 1318 2591 haee
1333 2552 1400 2608 pro·

205 2639 307 2697 oemia
326 2638 520 2697 communiter
539 2642 627 2715 atque
643 2637 807 2712 generatim
823 2637 902 2695 dieta
917 2637 1068 2695 continere
1084 2636 1185 2714 itaque
1201 2636 1316 2712 singula
1331 2656 1398 2694 nus-

205 2764 299 2821 quam
311 2763 367 2801 non
383 2742 512 2820 potuisse
523 2742 659 2800 adhiberi
672 2741 755 2813 dicit,
772 2762 811 2799 ex
827 2761 883 2819 quo
899 2741 1034 2816 intellegi
1050 2760 1085 2798 ea
1099 2742 1137 2798 ad
1152 2741 1299 2799 incertum
1313 2761 1398 2799 usum

197 2855 274 2906 'esse
294 2847 462 2924 composita.
482 2847 626 2924 quaedam
646 2847 753 2904 deinde
773 2846 925 2922 prooemia
944 2865 1061 2922 prorsus
1082 2845 1240 2906 convenire
1260 2865 1327 2904 cum
1351 2866 1403 2903 ex-

207 2951 303 3010 ordiis
322 2951 488 3009 orationum
507 2970 525 3007 a
543 2952 743 3009 Demosthene
763 2949 931 3008 habitarum
951 2950 1046 3009 veluti
1065 2969 1109 3025 pr.
1128 2954 1166 3007 27
1184 2954 1214 3007 et
1233 2954 1248 3006 7
1265 2969 1336 3007 oum
1350 2970 1401 3007 cx-

207 3055 303 3114 ordiis
322 3055 488 3113 orationum
507 3056 575 3112 XV.
593 3059 623 3112 et
637 3056 758 3126 XIHI.,
780 3074 868 3132 quam
887 3074 949 3112 rem
965 3053 1108 3130 explicari
1123 3073 1208 3129 posse
1223 3058 1320 3128 neget,
1341 3053 1399 3110 nisi

208 3165 321 3218 statuas
336 3181 371 3218 ea
385 3160 416 3217 in
433 3159 603 3219 collectione
618 3159 718 3236 aliqua
737 3159 827 3217 fuisse
843 3158 1043 3230 exordiorum,
1065 3177 1189 3236 quorum
1205 3157 1263 3216 alia
1278 3157 1309 3214 in
1325 3162 1400 3216 tem-

145 3271 148 3282 ’
208 3285 282 3343 pore
297 3266 328 3324 in
343 3285 428 3322 usum
440 3265 499 3323 sint
510 3268 622 3335 vocata,
639 3263 707 3335 alia,
724 3283 849 3341 quorum
860 3283 929 3321 usus
941 3282 999 3320 non
1011 3262 1113 3333 fuerit,
1126 3264 1261 3337 neglecta
1271 3262 1398 3335 omnino.

209 3389 269 3447 qua
291 3369 323 3426 in
344 3389 377 3428 re
399 3368 609 3444 excipiendum
629 3388 691 3426 esse
711 3367 802 3426 sensit
822 3388 866 3443 pr.
885 3373 913 3438 8,
938 3369 1015 3444 quod
1035 3367 1171 3442 congruit
1190 3385 1257 3424 curn
1276 3365 1399 3423 exordio

210 3491 254 3531 or.
270 3474 359 3544 xv1;
383 3472 545 3530 nonenim
567 3474 717 3548 generales
738 3471 780 3530 ibi
800 3491 846 3528 res
869 3476 1067 3547 exponuntur,
1091 3472 1141 3528 sed
1165 3472 1342 3547 exploratae.
1365 3473 1399 3526 ut

316 3695 336 3760 ¹)
356 3695 470 3746 Staatsh.
485 3696 509 3744 d.
522 3694 584 3744 Ath.
603 3696 616 3743 Ι
634 3695 685 3743 314
698 3710 744 3758 sq,
762 3694 816 3743 ind.
836 3711 861 3758 p.
874 3693 1018 3743 XXXIIII.

315 3782 334 3848 ²)
353 3781 550 3832 Demosthenes
567 3797 592 3830 u.
613 3797 632 3830 s.
652 3783 711 3830 Zeit
729 3781 769 3830 111
787 3782 811 3843 2,
832 3781 889 3829 129.

314 3866 335 3936 ³)
353 3869 453 3918 Mnem.
472 3884 498 3916 n.
517 3883 536 3917 s.
555 3867 673 3933 111436,
692 3868 766 3917 Misc.
787 3869 844 3916 crit.
863 3884 888 3933 p.
902 3869 946 3926 27,
964 3868 996 3915 77
1015 3866 1049 3915 al.

313 3955 334 4021 ⁴)
352 3955 394 4005 Ne
412 3956 462 4005 hoo
480 3957 609 4016 omittam,
628 3955 660 4007 R.
678 3955 784 4004 Nicolai
803 3954 904 4019 (histor.
923 3953 975 4003 litt.
994 3953 1089 4004 Graec.
1107 3955 1120 4002 Ι
1139 3955 1163 4015 2,
1182 3953 1244 4018 402)
1263 3955 1399 4019 prooemia

210 4044 409 4093 exercitationis
427 4057 508 4093 cansa
531 4044 681 4108 conscripta
702 4043 784 4091 variis
811 4041 974 4106 temporibus
996 4042 1131 4105 variisque
1158 4039 1281 4089 manibus
1309 4038 1399 4088 deberi

210 4129 309 4182 docuit.
344 4130 425 4180 Heitz
453 4134 542 4179 autem
566 4129 607 4194 (0.
627 4128 657 4178 O.
677 4127 804 4178 Muelleri
830 4128 890 4177 hist.
915 4127 966 4177 litt.
986 4128 1078 4178 Graec.
1102 4126 1128 4175 11
1152 4128 1177 4190 2,
1199 4125 1261 4188 371)
1290 4126 1398 4175 omnino

210 4215 319 4267 difficile
338 4231 396 4266 esse
414 4217 488 4266 dictu
507 4215 637 4275 adfirmat,
654 4220 743 4264 utrum
762 4215 898 4280 prooemia
915 4214 949 4264 ad
961 4213 1170 4265 Demosthenem
1189 4214 1242 4262 sint
1260 4211 1398 4262 referenda

210 4318 302 4354 necne.
326 4303 390 4353 inde
408 4303 480 4369 quod
497 4305 616 4368 quinque
635 4318 726 4352 eorum
745 4301 800 4350 fere
819 4302 983 4351 conveniant
1000 4317 1060 4350 enm
1079 4299 1193 4349 exordiis
1212 4298 1362 4348 orationum
1381 4314 1397 4347 a

209 4391 391 4441 Demosthene
413 4390 574 4451 habitarum,
601 4405 655 4439 non
677 4388 791 4438 multum
810 4389 835 4438 ei
854 4388 960 4438 videtur
978 4386 1083 4453 profici3
1110 4387 1228 4452 potuisse
1247 4385 1318 4434 enim
1337 4397 1397 4432 cum

210 4476 309 4526 talibus
325 4478 452 4542 coniungi
469 4478 606 4542 prooemia
624 4476 744 4526 aliorum.
768 4475 812 4525 hio
830 4477 911 4525 etiam
930 4473 1111 4524 adnotandum
1124 4477 1165 4523 est
1178 4488 1195 4522 a
1205 4470 1397 4520 recentioribus

210 4563 356 4614 editoribus
383 4563 439 4614 fere
466 4563 598 4624 omnibns,
621 4563 754 4625 Behkero,
774 4562 920 4624 Voemelio,
943 4560 1141 4624 Turicensibus,
1168 4561 1197 4609 in
1223 4558 1397 4622 inscriptione

210 4652 403 4715 prooemiorum
421 4650 610 4700 Demosthenis
629 4665 727 4700 nomen
744 4651 820 4699 uncis
838 4649 947 4698 includi.

313 4737 333 4803 θ)
352 4737 449 4786 Works
467 4736 519 4786 VII
539 4738 573 4786 34
591 4752 648 4802 sqq.
