3530 5536
813 495 1028 548 „33-

322 683 437 742 tionum
458 684 567 742 XIIII.
587 677 644 763 (pr.
665 675 707 763 7),
729 683 798 740 XV.
816 675 874 760 (pr.
892 673 958 760 27),
980 680 1065 737 XVI.
1083 672 1141 760 (pr.
1160 671 1204 758 8),
1226 677 1354 754 denique
1374 676 1405 733 in
1425 675 1516 733 trium

323 787 565 866 Olynthiacarum
579 785 719 844 exordiis.
733 786 763 842 in
772 786 878 863 quibus
891 785 1006 860 singula
1018 786 1149 842 membra
1160 782 1313 860 perspicue
1323 781 1517 856 disponuntur

322 911 356 950 ae
371 893 434 950 fere
450 892 590 968 primaria
605 889 752 949 sententia
768 910 860 967 usque
877 909 992 967 quaque
1008 887 1222 964 praemittitur,
1239 905 1274 944 ea
1285 889 1393 955 autem,
1411 884 1516 961 quibus

323 1017 370 1055 res
386 997 536 1057 evolvitur
551 1000 581 1054 et
601 995 761 1072 exponitur
775 995 900 1071 planius,
923 997 1096 1071 sequuntur.
1116 992 1203 1067 paulo
1219 990 1344 1048 maiores
1359 991 1518 1049 verborum

324 1102 451 1161 ambitus
472 1101 573 1158 insunt
591 1100 623 1157 in
640 1099 763 1158 exordio
779 1119 820 1157 or.
833 1100 869 1158 V.
881 1093 914 1178 ¹),
938 1099 1061 1173 grandes
1078 1096 1205 1173 denique
1226 1100 1256 1152 et
1276 1096 1370 1152 elatae
1385 1112 1516 1170 compre-

324 1206 481 1264 hensiones
504 1205 536 1262 in
556 1205 687 1263 exordiis
708 1204 874 1262 orationum
889 1205 942 1262 VI.
961 1203 1048 1260 VIII.
1065 1202 1168 1258 VIIII.
1185 1201 1304 1258 XVIII.
1321 1199 1458 1256 XVIIII.
1475 1198 1519 1255 ita

325 1309 454 1389 quidem,
470 1313 505 1366 ut
520 1308 551 1364 in
568 1307 615 1366 his
627 1310 785 1368 verborum
802 1306 1046 1384 compositionem
1061 1310 1212 1383 tamquam
1227 1304 1258 1360 in
1272 1322 1418 1360 summum
1433 1302 1517 1359 iasti-

325 1415 406 1490 gium
421 1416 555 1473 evectam
571 1431 633 1470 ease
648 1415 770 1470 statuas.

428 1518 541 1594 Operae
560 1517 691 1593 pretium
711 1521 782 1593 puto
802 1535 850 1574 me
869 1516 1018 1574 facturum
1037 1533 1110 1584 esse,
1133 1514 1157 1571 si
1172 1512 1232 1569 tria
1245 1511 1306 1582 illa,
1329 1531 1404 1589 quae
1417 1510 1516 1582 statui,

326 1641 433 1698 genera
448 1621 571 1696 singulis
587 1621 731 1697 exemplis
747 1620 904 1677 inlustrare
916 1620 1059 1678 studeam.
1076 1637 1109 1676 ae
1121 1617 1210 1694 primi
1223 1614 1339 1690 generis
1351 1620 1456 1672 natura
1468 1615 1518 1672 de-

326 1725 414 1784 scribi
426 1725 502 1782 mihi
513 1725 635 1785 videtur
646 1725 700 1783 tali
710 1726 867 1783 verborum
880 1724 1019 1782 circuitu:
1034 1743 1074 1780 or.
1088 1723 1138 1780 HI
1153 1727 1168 1779 1
1184 1715 1254 1795 Ουχὶ
1265 1717 1349 1776 ταύτὰ
1360 1715 1520 1796 παρίσταταί

327 1849 372 1904 μοι
387 1830 559 1906 γιγνώσκειν,
576 1823 637 1887 aa.
652 1828 706 1905 Ἀ,
724 1829 786 1886 όταν
803 1827 825 1886 τ’
837 1824 876 1898 εἰς
887 1826 921 1884 τὰ
932 1826 1070 1905 πράγματ’
1079 1823 1231 1901 ἀποβλέψω
1246 1820 1293 1880 καὶ
1306 1824 1368 1881 όταν
1380 1823 1447 1900 πρός
1458 1827 1520 1892 τους

327 1933 430 2009 λόγους
445 1932 490 2003 οὒς
506 1931 611 1990 ἀκούω·
628 1931 689 2002 τούς
706 1931 755 2006 μὲν
772 1930 825 2011 γὰρ
840 1931 942 2009 λόγους
957 1927 1019 2008 περὶ
1034 1933 1079 1988 τοῦ
1094 1927 1295 2006 τιμωρήσασθαι
1308 1926 1449 1986 Φιλιππου
1465 1927 1519 2004 όρῶ

327 2037 514 2116 γιγνομένους,
537 2034 572 2094 τά
595 2033 626 2092 δέ
648 2036 788 2115 πράγματ’
802 2033 840 2105 εἰς
860 2039 937 2094 τοῦτο
960 2036 1123 2112 προήκοντα,
1148 2032 1213 2090 ὥσθ’
1222 2032 1295 2100 όπως
1319 2031 1357 2106 μὴ
1380 2029 1519 2104 πεισόμεθ’

328 2137 403 2200 absol
416 2139 546 2220 πρότερον
562 2144 657 2211 κακῶς
673 2139 822 2216 σκέψασθαι
835 2138 906 2199 δέον.
922 2140 1075 2216 praecedit
1086 2139 1180 2214 igitur
1191 2137 1353 2214 propositio
1366 2131 1427 2212 ούχὶ
1438 2132 1521 2192 ταύτὰ

327 2239 487 2325 παρίσταταί
502 2265 548 2319 μοι
563 2245 734 2323 γιγνώσκειν,
752 2245 835 2303 όταν.
854 2290 878 2315 .,
895 2245 1029 2323 sequitur
1045 2243 1152 2302 deinde
1168 2242 1384 2317 argumentatio
1396 2238 1457 2309 τούς
1470 2237 1520 2311 μέν

328 2349 381 2429 γάρ
396 2348 498 2428 λόγους
515 2394 522 2410 .
540 2395 547 2408 .
565 2350 596 2407 in
616 2348 817 2426 propositione
838 2354 937 2407 autem
957 2349 1021 2425 ipsa
1036 2368 1095 2405 non
1111 2348 1199 2406 aliter
1214 2352 1302 2425 atque
1318 2346 1349 2403 in
1365 2365 1520 2420 argumen-

328 2458 440 2515 tatione
459 2454 662 2533 pracmittitur
682 2454 829 2512 sententia
847 2454 1029 2530 principalis,
1055 2453 1102 2512 cui
1118 2457 1335 2529 postponuntur
1349 2471 1392 2521 ea,
1416 2451 1521 2528 quibus

328 2582 375 2620 res
391 2561 561 2638 exponitur.
584 2559 684 2620 brevis
706 2558 814 2618 divisio
833 2558 878 2629 fit,
899 2559 962 2616 illic
984 2557 1047 2615 όταν
1066 2576 1097 2614 τε
1114 2603 1120 2614 .
1138 2601 1145 2614 .
1163 2553 1210 2613 καὶ
1230 2556 1303 2633 όταν,
1328 2556 1378 2613 hic
1393 2552 1454 2622 τούς
1470 2553 1520 2626 μὲν

328 2662 382 2743 γὰρ
396 2662 518 2740 λόγους.
533 2710 539 2722 .
554 2662 609 2741 όρῶ
624 2661 810 2739 γιγνομένους,
828 2659 859 2718 τόι
877 2659 908 2718 δέ
919 2661 1057 2738 πράγματ’
1072 2707 1078 2718 .
1093 2706 1100 2719 .
1113 2662 1201 2719 facile
1217 2661 1311 2735 igitur
1322 2659 1454 2717 iudicare
1470 2679 1521 2735 po-

327 2769 401 2828 teris
417 2771 453 2827 de
468 2770 525 2826 hae
536 2768 567 2825 in
579 2768 678 2827 verbis
691 2767 899 2843 componendis
911 2767 1136 2842 perspicuitate;
1154 2785 1298 2842 nusquam
1310 2765 1389 2822 enim
1400 2765 1463 2822 fere
1474 2763 1521 2823 vi-

328 2875 380 2932 des
396 2872 574 2931 sententiam
589 2872 729 2948 suspendi
744 2877 795 2929 aut
811 2871 960 2947 impediri.

430 2976 604 3035 Proximum
619 2976 690 3034 huic
706 2976 807 3051 generi
821 2980 865 3033 est
876 2978 1012 3046 alterum,
1030 2976 1112 3032 cuius
1125 2975 1255 3032 indolem
1268 2974 1433 3048 significare
1444 2972 1520 3030 mihi

326 3081 468 3162 videntur
487 3082 572 3139 talia:
594 3101 636 3138 or.
658 3083 684 3136 V
702 3086 719 3138 3
745 3079 775 3138 ού
791 3079 845 3152 μὴν
861 3077 937 3137 ἀλλὰ
954 3076 1052 3156 καίπερ
1068 3078 1167 3136 τούτων
1183 3078 1268 3148 σύτως
1285 3077 1413 3156 ἐχόντων,
1431 3075 1521 3150 οἴομαι

327 3181 374 3243 καὶ
389 3183 527 3254 πεπεικὼς
544 3182 659 3258 ἐμαυτόν
676 3183 821 3260 ἀνέστηκα,
836 3185 867 3240 ἂν
885 3182 1035 3257 ἐθελήσητε
1050 3186 1096 3241 τού
1112 3181 1234 3261 θορυβεῖν
1250 3179 1297 3240 καὶ
1313 3179 1473 3259 φιλονεικεῖν
1486 3180 1521 3238 ἀ-

327 3289 477 3358 ποστάντες
493 3287 611 3364 ἀκούειν,
628 3287 667 3358 ὡς
682 3285 748 3366 ὑπὲρ
764 3287 875 3357 πόλεως
891 3285 1101 3361 βουλευομένοις
1116 3283 1162 3343 καὶ
1173 3285 1338 3360 τηλικούτων
1353 3285 1522 3364 πραγμάτων

327 3393 468 3471 προσήκει,
491 3387 561 3462 ἕξειν
577 3388 625 3450 καὶ
641 3391 736 3469 λέγειν
752 3389 798 3449 καὶ
813 3391 1016 3470 συμβουλεύειν,
1034 3391 1068 3450 δι’
1078 3385 1115 3448 ὧν
1130 3387 1177 3448 καὶ
1192 3389 1225 3448 τὰ
1240 3389 1349 3466 παρόντ’
1360 3389 1433 3449 ἔσται
1450 3387 1522 3462 βελ-

328 3496 375 3555 τίω
391 3493 437 3554 sul
451 3495 485 3554 τόι
499 3497 647 3574 προειμένα
664 3496 824 3573 σωθήσεται,
844 3497 896 3554 ubi
917 3497 1064 3555 sententia
1083 3497 1225 3573 primaria
1239 3495 1388 3572 paulisper
1403 3515 1522 3572 suspen·

329 3603 411 3661 ditur
432 3603 554 3660 inmissa
574 3602 657 3680 quasi
678 3603 911 3679 praeparatione,
933 3623 1008 3680 quae
1028 3603 1062 3661 fit
1084 3603 1255 3661 condicione
1271 3603 1304 3658 άν
1321 3600 1471 3674 ἐθελήσητε
1489 3646 1521 3660 ..

328 3708 433 3784 posita,
444 3727 620 3786 quamquam
628 3709 708 3766 omni
719 3709 836 3766 ratione
846 3708 936 3766 huius
946 3709 1026 3766 modi
1039 3709 1227 3784 periodorum
1239 3712 1384 3766 structura
1396 3707 1523 3783 simplex

329 3814 501 3889 appellanda
521 3817 574 3871 est.
595 3813 716 3888 propius
736 3813 829 3888 igitur
843 3814 899 3871 hoc
915 3833 1006 3888 genus
1022 3818 1066 3871 est
1081 3813 1184 3888 priori,
1205 3832 1222 3869 a
1238 3832 1294 3889 quo
1311 3813 1461 3870 interdum
1476 3831 1523 3870 ae·

330 3917 460 3975 curatius
476 3917 619 3992 distingui
635 3917 748 3994 nequit,
767 3938 855 3994 quam
871 3907 1015 3995 sequenti,
1038 3937 1164 3994 quocum
1179 3937 1256 3975 nunc
1272 3917 1356 3975 nobis
1371 3938 1418 3975 res
1434 3917 1501 3975 erit.

433 4021 530 4080 Tertii
546 4022 662 4096 generis
678 4028 747 4081 sunt
762 4025 876 4099 amplae
892 4023 961 4080 illae
978 4029 1008 4080 et
1023 4043 1165 4082 nervosae
1177 4023 1301 4099 periodi,
1319 4023 1350 4079 in
1363 4023 1468 4099 quibus
1480 4028 1524 4080 to-

330 4133 394 4184 tum
402 4125 550 4186 dividitur
560 4127 592 4183 in
604 4126 730 4184 maiores
741 4132 848 4203 partes,
862 4127 1027 4185 intervallis
1039 4133 1070 4184 et
1081 4127 1246 4203 respirandi
1259 4126 1361 4203 spatiis
1371 4127 1525 4185 distinctas

330 4231 374 4288 ita
390 4231 519 4308 quidem,
544 4236 578 4288 ut
597 4236 697 4290 tamen
711 4232 750 4289 sit
766 4237 886 4306 argutus
898 4237 1053 4309 certusque
1069 4237 1099 4289 et
1115 4232 1353 4308 circumscriptus
1369 4234 1525 4292 verborum

331 4335 467 4392 ambitus.
480 4334 660 4392 adhibentur
671 4339 770 4392 autem
782 4336 813 4393 in
825 4336 889 4393 eius
901 4335 980 4392 modi
991 4335 1299 4412 comprehensionibus
1307 4336 1523 4407 continuandis,

438 4591 457 4656 1)
476 4592 552 4642 Idem
572 4592 625 4641 dici
642 4598 731 4658 potest
755 4593 788 4642 de
808 4608 843 4642 or.
861 4592 926 4655 IIII,
949 4593 977 4640 in
996 4607 1049 4656 qua
1067 4592 1263 4642 Demosthenes
1281 4598 1368 4642 toturn
1387 4593 1525 4642 exordium

332 4694 387 4728 unc
409 4678 465 4728 fere
487 4679 591 4728 ambitu
615 4679 823 4744 comprehendit.
846 4680 965 4729 accinxit
988 4695 1016 4728 se
1040 4679 1155 4743 quodam
1178 4680 1256 4729 modo
1280 4681 1309 4728 in
1334 4695 1366 4728 ea
1385 4685 1474 4730 orator
1492 4681 1526 4729 ad

332 4764 451 4829 Philippi
469 4765 575 4815 fraudes
594 4767 718 4830 graviore
737 4766 843 4815 dicendi
862 4781 961 4830 genere
981 4766 1194 4830 prosternendae.
