3530 5536
692 479 906 532 ..41-

203 661 370 741 όργίζεσθαι,
382 662 452 722 τοῦτ’
461 663 549 721 σὺκέτι
561 659 635 732 είκδς
647 660 703 721 οὑδ’
712 661 799 740 ὀρθῶς
812 661 877 738 έχσν
891 660 972 736 ἐστίν,
985 685 1028 740 pr.
1043 668 1093 734 41,
1109 662 1163 721 4τὺ
1177 660 1292 740 μὲνγὰρ
1304 661 1396 721 ἕκαστ’

203 764 378 825 ἀπόλλυσθαι
397 770 446 840 τῆς
465 770 518 824 τῶν
539 764 762 840 ἐπιμελουμένων
782 765 881 836 κακίας
903 768 1016 840 σημεῖον
1031 767 1162 844 προσήκει
1177 767 1328 824 ποιεῖσθαι·
1344 761 1353 849 u
1366 767 1397 824 τὀ

204 867 237 927 δὲ
258 870 295 945 μὴ
314 870 402 931 πάλαι
420 871 498 929 πάντ’
508 869 685 930 ἀπολωλέναι
703 875 753 945 της
772 869 905 949 ὑμετέρας
924 869 1008 948 τύχης
1028 870 1188 949 εὑεργέτημ’
1199 871 1290 947 ἐ’γωγε
1305 868 1397 949 κρίνω,

204 997 251 1051 pr.
266 980 315 1047 56,
329 997 341 1034 1
353 975 392 1032 Το
406 976 465 1055 μέν,
481 971 542 1034 ἀνά.
556 974 607 1048 Ἀ,
623 974 763 1034 πεπεικόθ’
773 973 866 1032 έαυτδν
881 973 955 1051 ἔχειν
967 994 992 1032 τι
1003 975 1136 1053 συμφέρον
1148 971 1232 1033 εἰπεῖν
1243 972 1398 1033 ἀνίστασθαι

203 1075 254 1136 καὶ
272 1079 361 1138 κάλ’σν
380 1075 426 1137 καί
446 1083 582 1159 προσῆκον
599 1073 670 1138 είναί
685 1099 730 1153 μοι
747 1077 839 1137 δοκεῖ·
856 1073 865 1160 ίί
879 1078 910 1136 εὑ
926 1077 957 1136 δέ
974 1078 1012 1152 μὴ
1029 1076 1214 1152 βουλομένους
1229 1078 1336 1137 ἀκούειν
1352 1077 1398 1152 β.-

205 1183 319 1254 άζετθαι
337 1181 481 1253 παντελῶς
497 1183 582 1260 ἔγωγ’
592 1180 702 1262 αἰσχρόν
722 1184 841 1260 ήγοὺμαι
857 1177 936 1260 εἶναι,
960 1205 1005 1260 pr.
1020 1189 1048 1256 5,
1066 1204 1077 1242 1
1094 1183 1123 1242 οὑ
1139 1184 1194 1258 μὴν
1209 1182 1286 1242 ἀλλά
1301 1183 1331 1241 τὀ
1347 1182 1398 1257 μέν

203 1288 302 1364 λέγειν
316 1288 382 1358 ἅτις
394 1285 479 1347 οίεται
490 1289 643 1366 χαριεῖσθαι
654 1285 707 1346 τῶν
716 1287 955 1367 παρακρούσασθαί
965 1308 989 1346 τι
1002 1286 1179 1362 βουλομένων
1189 1283 1258 1346 εἶναι
1267 1287 1378 1362 νομίζω·
1390 1282 1399 1370 ίί

205 1392 239 1449 τδ
256 1391 280 1449 δ’
290 1390 453 1470 ὑφίστασθαι,
469 1384 530 1470 περί
545 1385 583 1450 ὧν
598 1393 727 1451 πέπεικεν
744 1392 838 1450 έαυτδν
850 1391 993 1470 συμφέρειν
1005 1396 1037 1473 τῇ
1049 1390 1140 1470 πόλει,
1157 1394 1208 1450 κᾶν
1220 1391 1400 1471 θορυβηθήναι

205 1498 260 1554 κάν
281 1494 353 1554 ἀλλο
373 1516 397 1554 τι
417 1495 546 1570 βούλησθ’
555 1495 643 1574 ὑμεῖς,
659 1493 734 1554 εὔνου
749 1493 797 1554 καὶ
813 1493 917 1555 δικαίου
932 1499 1009 1554 τούτο
1025 1495 1137 1554 πολίτου
1152 1495 1244 1574 κρίνω,
1260 1519 1305 1574 pr.
1321 1502 1369 1568 55,
1387 1517 1400 1554 ε

206 1597 255 1658 καὶ
270 1601 300 1658 τ’σ
316 1599 367 1674 μὲν
378 1599 440 1672 τσὺς
451 1597 558 1659 ἐπὶτῶν
570 1596 696 1678 πράξεων
709 1599 787 1668 όντας
799 1598 864 1670 ἴσως
878 1600 937 1677 έχει
948 1600 1092 1678 πρόφασιν·
1104 1594 1113 1683 u
1123 1601 1154 1658 τδ
1167 1598 1198 1658 δέ
1210 1599 1272 1671 τοὺς
1285 1600 1400 1678 ἀλλους,

208 1704 235 1762 οἳ
249 1707 352 1762 ποιοὺσι
370 1702 420 1777 μέν
436 1703 524 1782 σὺδέν,
545 1705 640 1783 χώραν
661 1703 685 1762 δ’
695 1702 842 1762 ἀτέλεστον
863 1704 969 1780 έχουσιν
991 1701 1065 1763 αὐτοὶ
1084 1703 1284 1783 τετελεσμένσι,
1302 1703 1400 1784 μωρία,

207 1831 253 1886 pr.
268 1815 318 1880 34,
334 1830 347 1867 ι
363 1808 392 1866 τὀ
408 1808 458 1882 μέν
474 1807 528 1885 γάρ
545 1808 630 1883 λόγου
646 1808 684 1882 μὴ
700 1809 817 1884 τυχόντα
831 1809 976 1866 πεπεῖσθαι
992 1806 1101 1880 βέλτιον
1113 1815 1166 1866 τῶν
1178 1809 1238 1884 ὑμῖν
1251 1808 1401 1868 δοκούντων

209 1913 289 1972 αὑτόν
313 1912 506 1987 ἐντεθυμῆσθαι
525 1913 688 1989 συγγνώμη·
704 1907 713 1994 Ιί
727 1912 758 1970 τ’σ
779 1911 829 1972 δ’.
848 1911 1054 1989 ,ἀναισχυντεῖν
1075 1910 1122 1971 καὶ
1142 1913 1180 1987 μή
1202 1915 1401 1992 συγχωρεῖν..

208 2013 302 2093 ἀλλην
321 2017 370 2076 τιν’
379 2019 411 2074 ἂν
426 2016 541 2093 ὑποψίαι
558 2013 618 2093 οὑχὶ
635 2015 741 2075 δικαίαν
758 2017 831 2093 ἔχειν
848 2017 952 2095 φανείη,
973 2040 1015 2096 pr.
1034 2025 1062 2090 4,
1080 2039 1091 2077 1
1117 2017 1149 2076 ἐκ
1165 2017 1215 2092 μὲν
1231 2015 1275 2076 σύν
1291 2022 1336 2077 τοὺ
1352 2019 1402 2077 θο-

211 2120 303 2200 ρυβεῖν
319 2121 382 2198 τάχ’
392 2120 425 2180 ἀν
442 2120 658 2200 δυσχεράναντες
672 2121 787 2180 πολλῶν
798 2120 941 2200 χρησίμων
954 2120 1191 2200 ἀποστερηθείητε,
1204 2116 1213 2205 J,
1225 2121 1258 2179 ἐκ
1271 2120 1302 2180 δέ
1313 2126 1359 2180 τοὺ
1373 2171 1379 2182 .
1394 2168 1401 2181 .

210 2226 321 2285 ἀκούσαι
343 2223 390 2284 καὶ
409 2224 443 2284 τά
462 2224 559 2296 καλῶς
580 2225 678 2302 ἔχοντα
700 2226 804 2284 ἅπαντα
824 2227 961 2303 ποιήσετε,
982 2229 1033 2283 κᾶν
1054 2225 1123 2306 δοκῇ
1135 2245 1174 2296 τις
1189 2224 1294 2303 ληρεῖν,
1310 2246 1402 2304 παρα-

209 2328 331 2406 λείψετε.
347 2364 391 2372 -
405 2352 449 2407 pr.
468 2336 518 2402 24,
535 2351 548 2388 3
566 2329 596 2388 τδ
618 2329 668 2403 μὲν
688 2323 742 2408 γάρ
762 2329 827 2407 όροῖν
842 2329 952 2400 τούτους
966 2331 1011 2387 τόν
1028 2327 1142 2388 Ῥοδίων
1159 2329 1246 2404 δῆμον
1263 2375 1269 2388 .
1288 2377 1293 2388 .
1310 2327 1402 2403 ἱκέτην

211 2434 342 2512 ὑμέτερον
357 2435 545 2512 γεγενημένον
562 2434 692 2510 ἀτύχημ’
702 2429 770 2494 εἶναι
786 2434 888 2508 νομιῖω
899 2439 949 2508 τῆς
960 2435 1084 2505 πόλεως·
1098 2429 1107 2518 ίΙ
1117 2435 1147 2493 τό
1158 2433 1189 2494 δέ
1200 2433 1262 2505 τοὺς
1274 2434 1404 2508 ἀνοήτους

213 2539 321 2609 τούτους
342 2540 412 2614 μήτε
431 2541 508 2597 τούτο
528 2537 686 2615 λογίζεσθαι
703 2583 710 2598 .
729 2585 735 2597 .
758 2539 822 2614 μήθ’
836 2539 875 2597 ότι
894 2538 1033 2609 πολλάκις
1053 2536 1114 2597 καθ’
1136 2539 1174 2597 ἕν’
1187 2540 1273 2598 αὑτῶν
1290 2541 1404 2598 ἕκαστον

214 2644 290 2717 ὑμεῖς
305 2644 444 2702 σεσώκατε
457 2639 504 2701 καὶ
518 2641 608 2701 πλείω
622 2643 762 2721 πράγματ’
774 2642 910 2718 ἐσχήκατε
922 2644 970 2717 τἠν
983 2643 1083 2702 τούτων
1095 2644 1245 2723 θρασύτητα
1256 2642 1303 2702 καὶ
1315 2665 1404 2703 κακο-

216 2746 590 2827 δαιμονίανέπανορθοϋντες,
615 2746 725 2805 ἐπειδὰν
742 2747 777 2806 δι’
787 2747 881 2818 αὑτοὺς
897 2748 1050 2806 ἀνέλωνται
1064 2747 1198 2827 πόλεμον,
1214 2751 1232 2822 ή
1247 2747 1280 2806 τὰ
1297 2747 1405 2828 ὑμέτερ’

216 2853 301 2911 αὑτῶν
321 2854 493 2931 πράττοντες,
514 2855 591 2910 τούτο
611 2851 782 2926 παμπόλλην
803 2853 864 2923 ὑμῖν
886 2851 970 2932 όργίην
991 2850 1104 2924 εἰκότως
1124 2855 1155 2910 άν
1174 2853 1344 2931 παραστήσαί
1360 2874 1406 2928 μοι

216 2957 300 3016 δοκεῖ.
320 2959 418 3033 gravis
433 2959 527 3034 igitur
546 2964 577 3016 εί
592 2959 749 3034 conspicua
763 2959 798 3017 fit
813 2959 952 3035 periodus
967 2962 1060 3018 altera
1075 2965 1158 3036 parte
1173 2961 1329 3034 magnifice
1344 2981 1405 3018 am-

215 3063 354 3139 plifioata.

318 3169 456 3226 Conferas
473 3168 581 3226 deinde
602 3170 690 3227 haee:
711 3188 754 3245 pr.
773 3175 830 3241 2,1
851 3167 899 3240 τὴν
920 3167 970 3240 μὲν
986 3166 1039 3246 γὰρ
1054 3167 1194 3226 πολιτείαν
1210 3165 1406 3247 δημοκρατίαν,

215 3272 306 3350 ὥσπερ
322 3270 440 3340 ἅπαντες
455 3268 521 3348 ίστε,
537 3269 703 3345 ὀνομάζετε·
720 3265 729 3355 ss
740 3277 792 3329 τῶν
806 3270 837 3330 δὲ
847 3269 974 3330 τάναντία
985 3271 1068 3352 ταύτῃ
1080 3270 1219 3350 λεγόντων
1234 3271 1319 3343 ένίους
1330 3270 1406 3346 ἥδιον

216 3373 363 3445 ἀκούοντας
378 3375 444 3454 δρῶ,
460 3396 505 3453 pr.
524 3381 574 3444 39,
591 3397 603 3434 τ
618 3374 651 3432 τὰ
668 3374 718 3450 μέν
731 3375 785 3454 γάρ
798 3379 846 3450 τῆς
858 3375 942 3452 τύχης
954 3371 1046 3446 δξείας
1058 3376 1118 3452 ἔχει
1129 3375 1177 3445 τὰς
1190 3375 1350 3451 μεταβολὰς
1361 3372 1408 3434 καὶ

215 3477 308 3549 κοινάς
323 3477 483 3557 ἀμφοτέροις
498 3478 547 3548 τὰς
562 3473 726 3558 παρουσίας·
738 3474 747 3562 [ί
760 3481 777 3538 ἀ
794 3479 819 3538 δ’
830 3481 862 3536 ἂν
875 3479 909 3537 δι’
918 3477 1022 3559 ἀνδρῶν
1034 3478 1131 3538 κακίαν
1143 3481 1263 3560 πραχθῇ,
1281 3479 1408 3554 βεβαίους

215 3584 285 3642 ποιεῖ
297 3581 345 3650 τὰς
356 3584 449 3657 ἥττας.
467 3607 511 3662 pr.
527 3591 576 3656 22,
593 3605 605 3643 ν
620 3587 673 3642 τῶν
687 3583 737 3656 μὲν
749 3583 802 3662 γὰρ
813 3581 949 3663 πράξεων,
965 3581 1005 3654 εἰς
1017 3583 1063 3654 σὺς
1075 3585 1107 3642 ἂν
1119 3584 1216 3664 ήκωσι,
1231 3585 1315 3664 κύριοι
1327 3583 1408 3643 καθί-

216 3707 342 3746 στανται·
359 3681 368 3770 ίΙ
382 3693 431 3764 τῆς
448 3687 472 3745 δ’
481 3687 547 3767 ὑπὲρ
567 3687 665 3746 τούτων
688 3685 771 3761 δόξης
787 3685 875 3759 οὑδείς
889 3687 1050 3760 τηλικοῦτός
1066 3686 1121 3746 ἐσθ’
1132 3688 1203 3757 όστις
1220 3688 1294 3747 ἔσται
1309 3688 1408 3767 κύριος,

218 3771 221 3860 ί
240 3791 306 3851 ἀλλ’
328 3791 422 3851 ὁποίαν
444 3793 475 3851 ἀν
495 3812 553 3850 τινα
568 3792 601 3850 τὰ
617 3793 764 3872 πραχθέντ’
782 3793 835 3872 έχῃ
852 3788 943 3870 δόξαν,
963 3792 1087 3866 τοιαύτην
1109 3791 1133 3852 σί
1153 3791 1255 3853 πολλοὶ
1273 3791 1335 3873 περὶ
1355 3797 1408 3850 τῶν

214 3893 374 3976 πραξάντων
390 3896 562 3975 διήγγειλαν.
580 3900 708 3956 delectat
723 3899 754 3956 in
769 3900 825 3957 hae
839 3899 960 3975 periodo
977 3900 1075 3959 suavis
1088 3900 1268 3974 singularum
1280 3899 1409 3977 partium

215 4003 358 4077 varietas3
376 4024 444 4061 nam
459 4023 526 4062 oum
541 4003 573 4060 in
588 4004 687 4080 priore
702 4009 786 4080 parte
801 4024 893 4061 unum
909 4005 947 4062 sit
963 4006 1135 4075 membrum,
1157 4006 1250 4062 altera
1266 4006 1362 4062 denuo
1377 4003 1409 4060 in

217 4109 348 4184 opposita
368 4109 516 4168 dividitur
538 4109 589 4180 ita,
610 4114 645 4167 ut
664 4109 835 4167 sententiae·
851 4114 880 4167 εί
903 4111 1037 4184 negando
1058 4114 1088 4166 εί
1108 4109 1289 4166 adfirmando
1309 4107 1409 4183 expri-

217 4218 344 4270 mantur.
357 4246 399 4254 —
415 4233 459 4289 pr.
475 4217 525 4286 39,
542 4233 553 4270 1
570 4211 613 4268 Τά
629 4210 678 4286 μἐν
694 4212 879 4290 γεγενημένα,
896 4208 958 4272 ἀνά.
973 4211 1024 4289 Ἀ,
1041 4213 1149 4270 τοιαῦτα
1165 4205 1209 4270 οἷα
1226 4212 1326 4281 πάντες
1337 4210 1410 4284 ἀκη-

217 4316 316 4374 κόατε·
333 4310 341 4399 Ιί
357 4314 399 4375 δεῖ
418 4315 442 4374 δ’
452 4316 522 4391 ὑμᾶς
543 4315 629 4391 μηδὲν
651 4307 921 4398 έκπεπληγμένωςί)
945 4316 1105 4393 διακεῖσθαι,
1127 4315 1323 4393 λογιζομένους
1345 4308 1349 4397 ί
1371 4315 1410 4371 ότι

216 4420 283 4497 πρὀς
299 4418 349 4494 μὲν
364 4419 398 4478 τά
413 4417 522 4499 παρόντ’
532 4420 641 4494 ἀθύμως
657 4421 732 4497 ἔχειν
746 4419 805 4480 ούτε
817 4423 874 4490 τοῖς
884 4422 1026 4498 πράγμασι
1038 4421 1172 4499 συμφέρον
1184 4417 1238 4478 οὔθ’
1248 4417 1322 4492 ὑμῶν
1335 4415 1409 4489 άξιόν

219 4524 283 4602 ἐστι,
302 4520 305 4608 ί
323 4526 352 4582 τὀ
369 4523 400 4582 δέ
414 4524 487 4584 ταῦτ’
498 4523 659 4603 ἐπανορθοῦν
673 4546 766 4596 αυτους
776 4526 902 4602 ηγεισθαι
912 4529 1050 4603 προσῆκον
1062 4521 1109 4582 καί
1120 4530 1169 4598 τῆς
1180 4523 1314 4602 ὑμετέρας
1328 4517 1410 4594 δόξης

325 4751 343 4813 ¹)
363 4745 565 4816 ἐκπεπληγμένως
583 4749 713 4813 Reiske†
732 4751 855 4814 coniecit,
874 4749 936 4798 libri
956 4745 1169 4814 ἐκπεπληγμένους.
