3530 5536
846 478 1059 532 ...54-

419 684 463 740 pr.
483 669 510 734 1,
526 683 539 720 r
554 656 608 723 act
624 663 681 744 γὰρ
693 659 736 737 ὡς
748 659 887 745 ἀληθῶς,
901 659 924 720 εί
950 658 953 742 l
1043 684 1085 722 or.
1099 666 1166 720 IIII
1180 668 1219 722 38
1232 651 1330 722 άλλέί
1343 662 1403 738 μέν,
1417 656 1496 720 ὅτ’άν
1507 681 1548 733 τις

356 767 416 846 μέν,
429 765 468 824 δυ’
476 767 508 824 ἂν
520 763 558 843 τῷ
570 765 648 845 λάγῳ
658 786 697 835 τις
710 764 813 846 ὑπερβῇ
825 762 925 850 λυσσῆ-
979 765 1081 847 ὑπερβῇ
1093 762 1131 843 τῷ
1143 766 1232 846 λόγῳ,
1244 761 1297 827 ἵνα
1304 767 1347 849 μὴ
1354 763 1488 850 λυπήσῃ,
1500 763 1548 825 καὶ

356 889 409 933 σαι
422 871 464 953 μὴ
472 867 672 951 βουλόμενος,
684 865 731 928 καὶ
742 869 776 928 τὰ
785 869 924 948 πράγμαθ’
977 869 1012 928 τὰ
1025 870 1165 949 πράγμαθ’
1177 867 1365 949 ὑπερβήσεται,
1381 869 1423 928 δεῖ
1432 870 1499 949 πρδς
1510 871 1546 945 ἡ-

356 972 545 1054 ὑπερβησεται,
558 973 601 1032 δεῖ
610 972 786 1052 πρδςήδονὴν
795 971 925 1051 δημηγο-
980 973 1060 1050 δονὴν
1076 973 1258 1052 δημηγορεῖν·
1280 970 1302 1033 εί
1319 972 1371 1049 δ’ίγ
1385 978 1439 1032 τῶν
1453 972 1548 1051 λόγων

254 1195 256 1198 ’
355 1184 538 1263 προσήκουσα,
555 1181 627 1262 ἔργῳ
640 1181 725 1257 ζημία
736 1180 867 1261 γίγνεται,
880 1179 925 1240 αί-
980 1179 1162 1261 μίαγίγνεται,
1170 1179 1282 1261 αἰσχρόν
1291 1182 1361 1241 ἐστιν
1367 1179 1392 1262 ²)
1398 1179 1549 1261 φενακίζειν

357 1284 836 1368 σχράνἑσσιρενακίζεινὲαυτοὺςκαί
847 1287 926 1369 μετὰ
981 1277 1548 1369 ἑαυτοὺςκαίἅπαντ’ἀναβαλλομὲνους,

356 1383 926 1478 τῆςἐσχάτηςάνάγκηςπρᾶξαισαῦθ’
980 1385 1550 1475 ἃνῇδυσχερῆ,πάντωνὺσσερεῑντῶν

357 1493 925 1581 unctasccebnegnpooqmoee.
978 1487 1098 1578 ἔργων.
1117 1539 1124 1553 .

461 1604 559 1660 Verba
575 1597 686 1679 αἰσχρόν
702 1599 757 1659 ἐστι
777 1599 927 1677 φενακίζειν
948 1597 1058 1670 ἑαυτοὺς
1077 1597 1124 1660 καί
1141 1599 1236 1657 ἅπαντ’
1246 1597 1500 1677 ἀναβαλλομένους,
1517 1600 1549 1656 ἂν

357 1700 375 1783 ᾖ
388 1701 517 1783 δυσχερῆ,
531 1704 639 1763 πάντων
652 1704 771 1783 ὑστερεῖν
782 1700 835 1762 τῶν
848 1703 937 1783 ἔργων
953 1725 1058 1780 magna
1072 1725 1139 1764 cum
1150 1706 1182 1765 vi
1194 1705 1273 1763 dicta
1283 1705 1394 1781 optime
1405 1705 1550 1762 desidiam

358 1809 572 1887 segnitiemque
592 1811 752 1880 declarant,
773 1830 830 1887 qua
851 1809 999 1867 debilitati
1014 1809 1212 1867 Athenienses
1232 1828 1362 1866 summae
1381 1808 1487 1886 cuique
1502 1827 1550 1866 oc-

359 1913 468 1972 casioni
492 1913 535 1971 rei
557 1916 632 1972 bene
654 1915 800 1989 gerendae
820 1915 952 1972 deerant.
976 1918 1078 1971 contre
1097 1933 1172 1989 quae
1191 1913 1224 1970 in
1244 1912 1393 1989 prooemio
1412 1915 1551 1987 leguntur

358 2012 470 2094 αἰσχράν
487 2012 708 2093 &supercellere
725 2013 836 2086 ἑαυτοὺς
850 2012 897 2073 καί
913 2013 983 2089 μετὰ
997 2019 1047 2089 τῆς
1063 2014 1182 2090 ἐσχάτης
1198 2013 1320 2092 ἀνάγκης
1334 2011 1435 2092 πρᾶξαι
1449 2012 1551 2072 ταῦθόἲ

358 2117 445 2178 πάλαι
458 2116 603 2187 ἐθελοντὰς
615 2122 737 2198 προσῆκε
747 2121 833 2178 ποιεῖν
842 2141 859 2178 a
867 2121 1000 2198 quolibet
1008 2121 1106 2196 potius
1115 2140 1202 2198 quam
1211 2120 1435 2178 aDemosthene
1443 2119 1552 2195 scripta

359 2245 421 2283 esse
436 2224 586 2285 videntur.
611 2226 683 2282 adeo
707 2225 881 2299 languidum
896 2230 927 2282 et
941 2226 1142 2282 Demosthene
1157 2223 1311 2298 indignum
1327 2229 1371 2281 est
1391 2223 1463 2281 illud
1482 2220 1551 2296 μετὰ

358 2332 407 2401 τῆς
423 2327 544 2404 ἐσχάτης
556 2326 680 2402 ἀνάγκης
691 2323 791 2406 πρᾶξαι
802 2327 903 2385 ταῦθ’ίί
918 2327 1005 2386 πάλαι
1018 2324 1165 2397 ἐθελοντὰς
1175 2332 1296 2406 προσῆκε
1306 2327 1402 2386 ποιεῖν.
1420 2336 1551 2386 ceterum

358 2434 438 2503 vide,
456 2435 572 2511 qualem
588 2434 734 2491 describat
749 2454 879 2491 summus
894 2439 993 2491 orator
1008 2431 1131 2508 ἀνάγκην
1146 2453 1188 2490 or.
1204 2435 1221 2490 I
1240 2436 1277 2490 15
1295 2426 1442 2508 δέδοικ’,ὧ
1458 2425 1484 2488 ci.
1499 2430 1550 2508 Ἀ.,

360 2537 398 2611 μὴ
412 2581 419 2595 .
434 2582 441 2594 .
455 2537 561 2595 ἅπαντα
575 2536 641 2614 προς
657 2534 757 2609 ἡδονὴν
774 2538 915 2609 ζητοῦντες
931 2535 1026 2595 πολλὰ
1040 2534 1087 2594 καί
1101 2536 1225 2613 χαλεπά,
1242 2530 1278 2594 ὧν
1295 2536 1343 2594 οὑκ
1359 2530 1431 2617 (non
1447 2539 1551 2594 adsen-

358 2643 417 2700 tior
428 2642 539 2699 Blaesio
555 2642 752 2717 negationem,
770 2663 844 2721 quac
860 2644 891 2700 in
904 2643 1022 2701 Stobaei
1039 2643 1188 2700 codicibus
1200 2643 1277 2699 Flor.
1291 2643 1385 2700 XXX
1404 2646 1441 2699 14
1459 2643 1551 2712 deest,

359 2739 524 2826 emittenti)
534 2742 713 2823 ἠβουλὸμεθ,
721 2745 829 2825 ὑστερον
839 2743 878 2816 εἰς
890 2745 1012 2823 ἀνάγκην
1026 2745 1152 2820 ἔλθωμεν
1164 2745 1260 2822 ποιεῖν,
1269 2747 1481 2824 quodrepetiit
1493 2746 1551 2803 nisi

360 2852 437 2927 qnod
450 2849 564 2926 aliquid
577 2850 687 2909 adiecit
699 2857 729 2909 et
741 2852 826 2909 auxit
838 2872 879 2910 or.
888 2854 983 2910 VIIII
999 2855 1036 2909 75
1051 2850 1144 2909 ἔπειτα
1156 2849 1259 2926 δέδοιχ’
1269 2850 1344 2920 ὅπως
1356 2849 1394 2923 μὴ
1407 2846 1485 2908 πάνθ’
1494 2849 1552 2924 ἅμ’,

361 2951 400 3010 io'
411 2951 441 3009 οὑ
457 2952 624 3030 βουλόμεθα,
640 2955 726 3012 ποιεῖν
740 2955 805 3029 ἡμῖν
821 2953 928 3032 ἀνάγκη
944 2955 1066 3032 γένηται.

425 3079 469 3134 pr.
484 3064 614 3136 21‚4sq.
632 3053 762 3136 διδάξω,
777 3056 885 3133 δεηθείς
897 3059 930 3116 ὑ-
956 3057 958 3140 ί
1049 3080 1091 3118 or.
1112 3063 1179 3117 ΗΠ
1207 3065 1244 3117 13
1271 3080 1334 3137 sqq.
1358 3059 1554 3139 πειράσομαι

363 3166 421 3235 μῶν
436 3163 479 3244 μὴ
491 3162 673 3246 θορυβῆσαι
685 3162 751 3237 μηδ’
760 3161 931 3243 άναβαλεῖν
985 3158 1094 3244 λέγειν,
1113 3160 1220 3236 δεηθείς
1235 3163 1319 3241 ὑμῶν,
1335 3156 1361 3224 ὦ
1377 3161 1407 3224 δι’.
1423 3155 1482 3240 ’A.‚
1498 3183 1553 3224 σο-

362 3260 490 3345 νομίσαι
514 3286 550 3340 με
573 3261 627 3328 καί
649 3266 760 3348 χρόνον
775 3266 930 3348 ἐμποιεῖν.
985 3271 1112 3328 σοῦσον·
1126 3263 1257 3328 ἐπειδὰν
1266 3257 1382 3327 ἅπαντ’
1390 3264 1553 3350 ἀκούσητε,
1628 3261 1631 3267 ’

363 3370 393 3429 οὑ
405 3369 458 3450 γὰρ
471 3369 496 3428 οί
507 3359 598 3448 ‘capit'
610 3368 656 3429 καί
665 3371 800 3450 τήμερον
812 3370 931 3441 εἰπόντες
985 3365 1120 3454 κρίνατε,
1140 3371 1213 3454 qu)
1233 3370 1387 3452 πρότερον
1407 3368 1553 3453 προλαμ-

365 3475 474 3549 μάλιστ’
485 3472 524 3546 εἰς
539 3475 576 3537 τὸ
593 3475 655 3534 δέον
670 3475 810 3552 λέγουσιν·
832 3477 862 3534 οὑ
877 3476 931 3556 γὰρ
984 3478 1111 3556 stolaeve,
1133 3476 1198 3550 μηδ’
1220 3522 1226 3533 .
1249 3521 1256 3534 .
1277 3472 1496 3556 evocarem)
1519 3496 1555 3550 με

364 3581 397 3636 ἂν
411 3581 445 3637 τά
457 3579 545 3658 γ’ἤδη
561 3581 736 3658 γεγενημένα
747 3580 869 3640 κωλῦσαι
882 3579 930 3639 δυ-
985 3582 1024 3642 τὰ
1047 3572 1216 3663 πράγμαθ’
1228 3573 1380 3663 ἡγείσθω.
1404 3581 1434 3638 οὑ
1456 3579 1509 3660 γὰρ
1530 3579 1554 3640 οἱ

364 3683 509 3759 νηθείημεν
523 3689 557 3764 τῇ
573 3681 628 3742 νυνί
637 3681 661 3766 1)
678 3683 804 3766 βοηθείᾳ·
823 3684 889 3743 ἀλλ’
903 3686 933 3756 ὃς
986 3685 1074 3762 (ταχυ
1090 3683 1137 3744 καὶ
1154 3685 1291 3764 (τήμερον
1309 3682 1430 3756 εἰπόντες
1446 3685 1555 3761 μάλιστ’

365 3790 396 3845 ἂν
406 3784 483 3869 δείξῃ
493 3786 533 3859 τίς
545 3788 932 3868 πορισθεῖσαπαρασκευὴδια-
986 3787 1026 3860 είς
1051 3789 1112 3847 δέον
1135 3789 1276 3867 λέγουσιν·
1301 3790 1331 3848 cb
1354 3789 1407 3869 γδιρ
1429 3793 1461 3848 ἂν
1477 3791 1510 3848 τοί
1526 3790 1554 3867 γ’

365 3890 932 3974 μεῖναιδυνήσεπαι,ἕωςῗ)άνῆπεριγενὼ-
988 3893 1039 3969 ἤδη
1056 3895 1231 3973 γεγενημένα
1247 3898 1280 3973 τῇ
1296 3892 1351 3952 νυνί
1367 3893 1481 3976 βοηθείᾳ
1494 3915 1554 3954 κισ-

472 4133 489 4198 Ι)
509 4133 662 4199 Legebatur
685 4138 748 4183 ante
766 4134 934 4184 Dindorfium
958 4136 986 4202 τῇ
1010 4136 1050 4183 νῦν
1076 4136 1127 4200 (νῦν
1146 4136 1220 4186 deest
1243 4137 1271 4185 in
1290 4135 1438 4202 codicibus)
1458 4135 1556 4203 βοηθείᾳ

363 4255 367 4266 .
392 4259 396 4269 .
417 4217 556 4286 παρασκευὴ
576 4217 626 4267 νυνί
644 4219 763 4288 διαμεῖναι
782 4259 788 4270 .
808 4241 832 4283 .;
851 4236 921 4287 quae
939 4237 1019 4288 supra
1038 4224 1181 4288 posuimus,
1200 4222 1242 4271 illi
1261 4223 1399 4273 debentur.

469 4305 489 4372 ²)
504 4308 580 4369 Quod
589 4308 706 4357 Dindorf
716 4323 745 4358 se
758 4306 817 4366 τέως
830 4309 958 4359 librorum
970 4312 999 4359 in
1012 4307 1057 4368 ἕως
1068 4313 1214 4360 correxisse
1223 4311 1342 4374 adnotat,
1354 4313 1407 4360 iam
1417 4311 1556 4361 Reiskium

363 4391 409 4452 ἕως
420 4397 448 4444 in
458 4396 580 4460 margine
590 4396 631 4445 ed.
642 4397 803 4446 Lutetianae
816 4396 957 4447 ePauline
968 4398 1072 4461 (Venet.
1087 4397 1164 4463 1554)
1175 4399 1336 4463 adscriptum
1346 4400 1480 4448 invenisse
1491 4398 1558 4449 dixit

363 4481 489 4530 Schaefer
508 4481 586 4547 (App.
600 4483 623 4530 V
643 4485 694 4532 680
712 4483 746 4532 ad
764 4500 788 4548 p.
805 4486 880 4545 1433,
900 4484 935 4547 ι);
955 4484 987 4534 cf.
1002 4486 1081 4534 etiam
1102 4484 1187 4534 Cobet
1203 4484 1315 4534 Collect.
1329 4487 1385 4534 crit.
1399 4502 1423 4550 p.
1439 4486 1496 4535 158.
1515 4501 1557 4535 ce·

365 4573 450 4617 terum
462 4565 507 4624 ἕως
524 4569 552 4617 in
562 4573 676 4632 utroque
685 4572 881 4634 prooemiorum
892 4570 1037 4636 exemplari
1049 4570 1105 4620 cod.
1119 4571 1198 4620 Vind.
1209 4573 1225 4619 4
1236 4571 1304 4636 (CV)
1316 4573 1443 4636 scriptum
1455 4573 1556 4621 inveni.

467 4654 490 4718 ⁵)
510 4655 544 4704 H.
557 4654 575 4703 l.
595 4655 766 4720 compellatio
785 4648 806 4704 ὦ
825 4651 847 4705 a
868 4655 899 4706 Ἄ.
918 4658 947 4705 in
966 4655 985 4704 Σ
1004 4673 1054 4707 orn.
1068 4658 1150 4722 vulgo
1169 4659 1307 4723 repetitur.

463 4739 485 4808 ί’λ
505 4738 544 4793 καί
564 4739 596 4812 μὴ
615 4741 688 4812 vulg.
792 4741 812 4807 α)
831 4739 1012 4807 ἀναβάλλεσθαι
1031 4744 1119 4809 vulg.;
1139 4761 1204 4794 cum
1224 4743 1242 4792 Σ
1261 4745 1326 4794 facit
1344 4743 1371 4793 B.
