3530 5536
730 530 942 582 ..91-

244 735 308 773 cum
317 717 536 792 Theophrastus
548 718 579 774 in
591 717 720 774 hominis
732 716 839 774 minuti
852 721 883 773 et
895 716 1012 790 angusti
1023 716 1108 774 vitiis
1119 717 1176 774 hoo
1188 736 1303 794 quoque
1312 716 1430 791 egregie

243 821 396 896 posuisset,
413 822 490 897 quod
508 821 558 878 ille
570 840 717 878 sacrorum
732 822 878 878 factorum
889 819 1160 878 renuntiationibus
1173 821 1313 891 inhiaret,
1329 821 1432 879 rhetor

243 926 474 983 Demosthenem
489 925 520 982 in
533 930 667 983 senatum
683 927 793 982 lectum
809 945 872 982 esse
888 929 918 981 et
933 943 984 1000 pro
1001 944 1033 982 re
1049 925 1165 1000 publica
1180 925 1357 982 sacrificasse
1373 945 1430 981 non

244 1028 397 1086 immemor
411 1030 538 1105 pessime
552 1031 608 1087 hoc
623 1031 686 1087 loco
702 1029 770 1086 talis
784 1029 1013 1087 renuntiationis
1029 1030 1198 1104 exemplum
1212 1028 1332 1087 adiecit.

260 1151 263 1154 ·
346 1134 519 1192 Proximum
527 1139 571 1191 est
582 1139 616 1192 ut
629 1135 748 1192 doceam
760 1134 791 1190 in
803 1133 960 1209 prooemiis
969 1153 1026 1190 non
1036 1133 1126 1190 nullis
1134 1133 1262 1208 singulas
1271 1133 1431 1191 sententias

244 1245 273 1295 et
301 1246 473 1313 argumenta
499 1239 635 1315 reperiri,
664 1239 695 1295 in
719 1238 825 1314 quibus
847 1237 1056 1295 Demosthenis
1079 1238 1224 1311 cogitandi
1255 1242 1286 1295 et
1313 1237 1431 1295 dicendi

243 1343 352 1400 sanitas
363 1349 415 1400 aut
431 1345 601 1401 obscuretur
611 1348 663 1400 aut
678 1342 797 1400 omnino
813 1361 930 1418 pessum
941 1343 1038 1399 detur.
1062 1362 1233 1418 expromam
1249 1342 1430 1417 gravissima.

244 1447 344 1526 itaque
361 1467 436 1524 quae
456 1467 500 1523 pr.
519 1453 546 1517 9,
564 1467 575 1504 1
591 1448 743 1522 leguntur:
765 1444 814 1502 σθκ
829 1444 915 1523 ὀρθῶς
932 1443 1084 1521 ἐγνωκότες
1100 1442 1163 1504 ούθὲ
1177 1445 1352 1521 λογιζόμενοι
1366 1446 1430 1522 παρ’

245 1549 348 1621 ἑαυτοῖς
364 1551 402 1608 ὅτι
417 1548 533 1609 πολλῶν
548 1545 673 1627 πράξεων
691 1549 719 1608 ἐν
734 1547 834 1628 πολλῷ
849 1549 939 1627 χρόνῳ
954 1553 1018 1608 πᾶσι
1033 1551 1234 1628 πεπραγμένων
1249 1547 1296 1608 καὶ
1312 1548 1356 1610 διὰ
1370 1549 1431 1622 τούς

243 1653 351 1732 καιρούς
367 1649 445 1712 ἐνίων
460 1652 621 1714 ὑπεναντίων
638 1655 740 1726 αὑταῖς,
757 1656 789 1711 ἂν
804 1651 854 1725 τὰς
868 1655 1002 1732 προτέρας
1023 1654 1132 1734 (ἑτέρας
1146 1675 1190 1734 γρ.
1208 1655 1277 1732 ΣΦ)
1292 1676 1332 1726 τις
1347 1656 1431 1733 ὑπερ-

245 1759 344 1832 βαίνων
359 1758 408 1830 τὰς
423 1759 535 1838 ὑστέρας
549 1758 632 1841 λέγη,
653 1758 734 1832 λήσει
748 1759 777 1817 το
800 1758 895 1839 ῥᾷστον
910 1764 963 1817 τῶν
980 1759 1069 1837 ἐργων
1083 1759 1177 1840 ποιῶν,
1194 1760 1272 1820 sores
1289 1757 1431 1833 ἐξαπατῶν

244 1869 285 1926 sic
294 1866 538 1943 compositasunt‚
552 1867 646 1927 utvix
655 1868 745 1924 semel
757 1866 925 1943 iterumque
934 1867 1051 1924 relectis
1060 1867 1207 1943 dispicias,
1221 1868 1292 1945 quid
1305 1868 1430 1926 dicatur.

244 1992 347 2048 parum
363 1972 443 2029 enim
462 1972 584 2029 luminis
600 1972 643 2028 eis
658 1972 757 2031 verbis
773 1972 907 2028 adfertur
922 1991 939 2028 e
958 1973 1021 2028 loco
1037 1972 1187 2030 Ciceronis
1206 1973 1238 2029 in
1254 1973 1380 2049 epistula
1394 1974 1431 2030 ad

244 2076 404 2134 Lentulum
420 2077 488 2134 data
505 2069 535 2156 (Ι
553 2081 580 2146 9,
597 2069 648 2154 ιιι),
670 2095 757 2153 quem
772 2076 856 2133 Wolf
873 2077 910 2132 ad
929 2077 959 2132 h.
977 2077 996 2132 l.
1013 2077 1127 2135 citavit.
1160 2077 1202 2134 ibi
1223 2077 1303 2134 enim
1319 2077 1432 2134 Tullius

244 2183 320 2258 quod
337 2200 403 2239 cum
415 2181 516 2238 Crasso
532 2181 563 2237 in
579 2181 704 2256 gratiam
716 2180 849 2250 redierit,
867 2200 932 2238 cum
944 2181 1012 2238 aliis
1027 2186 1091 2238 tum
1105 2181 1153 2238 his
1166 2201 1306 2240 excusare
1319 2183 1430 2240 studet:

244 2284 308 2342 ‘nec
327 2287 560 2361 permanendum
574 2286 606 2343 in
622 2305 680 2342 una
696 2284 843 2343 sententia
858 2286 1007 2345 conversis
1021 2288 1108 2344 rebus
1123 2305 1157 2344 ac
1171 2287 1313 2345 bonorum
1328 2288 1432 2346 volun·

243 2390 353 2447 tatibus
365 2391 496 2460 mutatis,
514 2391 565 2446 sed
581 2391 762 2466 temporibus
773 2391 1009 2448 adsentiendum.
1033 2410 1194 2468 numquam
1205 2391 1285 2449 enim
1300 2392 1332 2449 in
1348 2411 1431 2468 prae·

244 2494 388 2552 stantibus
408 2494 439 2551 in
459 2515 492 2579 re
515 2495 631 2570 publica
651 2495 840 2569 gubernanda
859 2494 933 2554 viris
952 2496 1070 2552 laudata
1090 2496 1184 2554 estin
1205 2515 1264 2553 una
1282 2479 1432 2555 'sententia

243 2603 385 2674 perpetua
400 2599 574 2674 permansio,
591 2600 641 2656 sed
657 2604 691 2657 ut
706 2600 737 2656 in
749 2598 916 2672 navigando
931 2600 1101 2675 tempestati
1116 2595 1236 2677 obsequi
1248 2601 1320 2658 artis
1332 2606 1396 2658 est.
1412 2598 1429 2658 .'

243 2702 274 2759 in
294 2703 444 2778 prooemio
464 2709 563 2761 autem
583 2703 656 2781 quid
676 2703 715 2760 sit
735 2703 778 2760 eis
793 2704 893 2762 verbis
913 2705 1025 2778 negotii
1046 2723 1112 2762 cum
1133 2724 1245 2762 summa
1259 2725 1358 2764 rerum
1373 2725 1432 2764 non

243 2806 440 2880 intellegitur;
469 2828 536 2865 nam
559 2809 596 2865 ad
620 2827 677 2877 eos,
703 2808 754 2884 qui
777 2810 864 2866 rebus
887 2810 1028 2883 neglectis
1050 2811 1141 2868 verba
1163 2815 1277 2867 tantum
1300 2815 1431 2886 spectare

243 2929 402 2988 eorumque
414 2912 529 2987 copiam
541 2911 640 2969 nancti
656 2911 751 2988 parati
768 2932 830 2970 esse
846 2915 940 2970 solent
956 2914 991 2970 ad
1009 2913 1177 2984 dicendum,
1195 2916 1231 2972 de
1247 2915 1353 2992 quibus
1369 2921 1431 2973 toto

242 3015 340 3088 agitur
354 3017 513 3091 prooemio,
533 3018 606 3075 haec
622 3017 772 3093 pertinere
786 3023 947 3095 nequeunt.
979 3019 1003 3075 si
1020 3019 1092 3096 quid
1108 3019 1207 3089 video,
1227 3021 1365 3079 flosculus
1380 3021 1431 3078 illc

242 3115 323 3189 λήσει
344 3118 374 3176 τύ
398 3117 495 3198 ῥᾷστον
515 3124 567 3177 τῶν
588 3120 676 3199 ἔργων
695 3124 780 3177 ποιῶν
802 3119 880 3178 ababa
902 3117 1045 3192 ἐξαπατῶν
1069 3144 1107 3180 ex
1127 3143 1168 3181 or.
1184 3126 1236 3182 III
1258 3130 1295 3182 19
1319 3121 1431 3204 (ῥᾷστον

243 3221 366 3280 ἁπάντων
383 3221 452 3280 ἐστὶν
468 3222 546 3282 αύτύν
562 3219 739 3299 ἐξαπατήσαι,
762 3227 813 3303 qui
833 3229 913 3284 locus
927 3232 1008 3284 recte
1024 3247 1054 3284 se
1075 3229 1165 3285 habet
1180 3229 1209 3285 in
1226 3229 1431 3304 vituperandis

242 3330 409 3402 petulanter
424 3318 677 3408 contionantibus)
699 3331 853 3406 decerptus
874 3337 918 3388 est
938 3331 990 3402 ita,
1012 3337 1045 3388 ut
1064 3332 1137 3390 hacc
1152 3334 1243 3392 verba
1257 3353 1274 3389 a
1290 3333 1430 3406 magistro

240 3433 412 3504 umbratico,
430 3453 487 3491 non
503 3436 731 3493 aDemosthene
746 3435 809 3510 ipso
826 3440 947 3492 consuta
962 3456 1023 3493 esse
1038 3437 1206 3494 videantur.
1231 3439 1306 3494 male
1323 3437 1431 3495 deinde

242 3538 401 3594 cohaerent
414 3538 487 3596 haec
502 3559 546 3615 pr.
561 3543 611 3609 48,
628 3559 653 3596 a:
671 3534 694 3594 εἰ
711 3536 761 3610 μὲν
777 3533 821 3596 ούν
839 3537 902 3610 ἐνῆν
918 3536 1018 3614 δοῦναι,
1037 3536 1149 3609 >Ξικοιίως
1165 3541 1197 3596 ἂν
1214 3539 1278 3598 αύτο
1292 3541 1369 3598 τοῦτο’
1385 3539 1432 3614 μοί

241 3658 280 3708 τις
297 3635 462 3718 ἐπέπληξεν,
483 3637 506 3697 εἰ
523 3639 567 3697 διὰ
584 3642 678 3717 μικρον
695 3639 831 3715 ἀνάλωμα
848 3641 974 3719 ἐνοχλεῖν
990 3643 1050 3716 ὑμῖν
1065 3644 1201 3724 ᾑρούμην·
1223 3647 1267 3702 νύν
1284 3643 1308 3700 θ’
1318 3645 1366 3703 oba
1382 3645 1430 3721 ἔνι,

241 3743 363 3820 καθάπερ
376 3741 437 3801 otte
452 3744 559 3813 τούτους
574 3743 705 3817 λέληθεν.
731 3742 753 3802 εἰ
771 3745 795 3804 δ’
806 3744 872 3822 ὑπὲρ
888 3739 926 3802 ὧν
941 3745 1002 3820 ὑμῖν
1017 3747 1185 3825 λειτουργεῖν
1202 3746 1253 3824 θεῖ,
1269 3748 1430 3826 προσθήσειν

242 3845 331 3915 αύτοῖς
347 3846 447 3906 οἴονταί
463 3869 508 3923 με,
528 3848 642 3926 ληροῦσι
659 3894 666 3908 .
684 3895 691 3908 .
723 3871 791 3909 nam
807 3872 938 3927 pugnare
953 3853 1033 3910 iuter
1049 3873 1079 3910 sc
1095 3858 1217 3930 apparet
1232 3855 1276 3910 νῦν
1293 3851 1317 3910 δ’
1327 3853 1377 3910 ούκ
1392 3853 1430 3910 ἔνι

243 3947 296 4032 (sc.
310 3947 425 4031 δοῦναι),
441 3954 564 4030 καθάπερ
577 3951 640 4012 οὐδὲ
652 3953 761 4025 τούτους
776 3955 897 4030 λέληθεν
910 3966 940 4014 et
956 3953 979 4013 εἰ
990 3956 1150 4034 προσθήσειν
1164 3956 1253 4027 αύτοῖς
1269 3955 1369 4015 οίσνταί
1384 3977 1429 4030 με.

241 4077 298 4133 quo
317 4059 404 4115 modo
424 4077 529 4134 quaeso
549 4059 614 4117 fieri
635 4065 740 4134 potest,
762 4066 796 4119 ut
816 4081 888 4138 quos
903 4081 960 4119 non
981 4062 1060 4136 fugit
1079 4063 1146 4119 aliis
1161 4063 1239 4119 nihil
1259 4082 1330 4133 csse,
1352 4065 1430 4120 unde

241 4162 321 4232 dent,
345 4161 425 4219 idem
448 4165 567 4220 daturos
590 4164 655 4221 illos
676 4165 732 4222 sibi
753 4166 913 4242 quidquam
934 4165 1109 4242 opinentur?
1143 4167 1207 4242 pari
1227 4169 1313 4224 modo
1334 4168 1430 4225 minus

240 4271 325 4322 acute
348 4266 518 4324 dictasunt
541 4287 614 4345 quae
637 4270 777 4342 leguntur
799 4289 843 4345 pr.
868 4274 918 4340 49,
943 4291 955 4329 a
983 4268 1040 4327 otc‘
1057 4267 1140 4327 ἐκεῖν’
1156 4267 1316 4339 ἀλυσιτελὲς
1340 4266 1430 4351 (male

239 4365 383 4438 λυσιτελὲς
398 4365 525 4450 ΣΒΥΦ)
549 4414 555 4427 .
575 4416 581 4428 ,
603 4371 635 4426 άν
651 4369 756 4450 φανείη,
777 4371 858 4429 ύσ’άν
874 4392 913 4441 τις
929 4373 999 4447 ύμᾶς
1016 4420 1022 4432 .
1040 4421 1047 4435 .
1063 4372 1292 4450 παρακρούσηται,
1313 4373 1402 4432 ταῦθ’.
1421 4419 1427 4431 .

240 4465 309 4528 εἶναι
327 4470 373 4528 aba
393 4468 554 4541 ἐξετάσοντα
574 4474 667 4551 πάλιν,
688 4473 721 4531 ἵν’
735 4473 782 4532 ἐὰν
803 4474 853 4549 μὲν
871 4467 915 4534 οἷά
935 4469 991 4554 (οἷα
1007 4477 1046 4554 Φ,
1068 4477 1106 4547 ὡς
1121 4476 1214 4552 vulg.)
1235 4496 1311 4554 φασιν
1328 4476 1351 4535 οἱ
1368 4477 1429 4535 τότε

239 4573 379 4645 πείσαντες
395 4582 474 4656 ρανῇ,
492 4576 689 4657 προθυμότερον
704 4580 839 4658 πράττητε
855 4581 894 4651 ὡς
910 4579 1031 4657 ἔλεγχον
1047 4579 1197 4656 δεδωκότα,
1220 4579 1267 4637 ἐὰν
1284 4579 1309 4638 δ’
1322 4580 1373 4658 άροι
1390 4581 1428 4654 μὴ

239 4677 338 4737 τοιαῦθ’
353 4678 449 4760 εὑρεθῇ
473 4726 480 4739 .
504 4724 521 4756 .,
546 4678 685 4757 ἐπίσχητε.
709 4685 851 4743 videntur
873 4685 953 4743 enim
976 4685 1055 4742 inter
1077 4706 1108 4743 se
1131 4705 1261 4761 pugnare
1284 4681 1323 4742 ὅτ’
1337 4685 1369 4742 άν
1390 4705 1430 4756 τις

239 4779 308 4853 ὑμᾶς
333 4828 340 4841 .
366 4829 372 4842 .
401 4783 635 4864 παρακρούσηται,
662 4785 758 4844 ταῦθ’.
784 4830 790 4843 .
816 4780 886 4845 εἶναι
911 4787 957 4845 τον
985 4783 1148 4859 ἐξετάσαντα
1175 4795 1205 4851 et
1233 4786 1280 4850 ἐὰν
1309 4787 1359 4868 μὲν
1387 4781 1430 4850 οἷά
