3530 5536
736 453 951 506 -87-

251 659 288 696 ex
307 641 378 697 locis
398 639 457 696 illis
473 645 627 697 consutum
643 659 715 710 esse,
737 639 911 715 praesertim
928 660 993 697 cum
1010 641 1100 697 etiam
1115 643 1205 699 verba
1221 643 1362 717 quaedam
1380 642 1438 699 sin-

251 746 317 818 gula
338 766 376 802 ex
398 746 446 803 his
466 745 648 803 orationibus
671 745 702 802 in
727 745 800 802 illud
824 745 1008 816 transierint,
1031 745 1125 805 veluti
1150 766 1188 803 ex
1209 765 1251 803 or.
1272 746 1440 822 Philippica

250 850 352 925 prima,
365 852 444 908 unde
456 850 576 908 initium
589 855 619 908 et
631 851 747 908 exitum
759 850 903 927 prooemii
916 856 1032 927 sumpta
1041 871 1103 908 esse
1111 851 1251 922 vidimus,
1266 853 1440 928 deprompta

251 974 364 1032 quoque
379 957 452 1013 haec
468 961 535 1013 sunt
551 955 582 1012 in
598 954 644 1032 53
662 953 694 1012 ἐκ
706 953 896 1012 τῶντοιούτων
910 951 1030 1012 ἐλπίδων
1047 961 1077 1013 et
1091 953 1254 1027 παυσαίμεθ’
1264 956 1296 1011 άν
1309 951 1438 1031 αἰσχύνην

250 1056 457 1134 ὀφλισκάνοντες
477 1065 507 1117 et
527 1060 557 1116 in
577 1057 593 1135 5
610 1064 628 1117 4
650 1057 720 1131 μετὰ
738 1062 787 1131 τῆς
804 1057 922 1134 ἐσχάτης
939 1057 1061 1136 ἀνάγκης
1083 1057 1135 1138 (of.
1152 1080 1193 1118 or.
1209 1061 1278 1118 IIII
1297 1058 1312 1136 5
1329 1065 1368 1118 43
1389 1058 1438 1128 τὰς

249 1159 320 1238 παρὰ
334 1165 381 1220 τοῦ
397 1158 484 1232 δεῖνος
500 1160 623 1239 ἐλπίδας,
644 1161 659 1239 5
676 1166 715 1220 45
732 1159 782 1231 τὰς
798 1159 850 1218 ἀπό
866 1163 911 1219 τοῦ
928 1160 1052 1235 βήματος
1069 1159 1186 1232 ἐλπίδας
1201 1169 1231 1221 et
1251 1161 1266 1239 5
1283 1168 1322 1221 42
1341 1159 1438 1238 αἰσχύ-

248 1284 318 1338 νην.
337 1265 521 1344 ,ὠφληκότες
542 1273 572 1326 et
591 1265 606 1343 5
625 1273 663 1326 10
683 1265 771 1324 πόθόἳ
789 1263 844 1343 χρὴ
860 1259 993 1344 πράξεως
1016 1264 1126 1324 ἐπειδάν
1141 1265 1165 1323 τί
1179 1267 1306 1344 γένηταη
1329 1264 1437 1325 ἐπειδάν

248 1369 279 1442 νὴ
295 1365 336 1426 Δί’
349 1368 455 1446 ἀνάγκη
474 1417 480 1429 .
498 1369 529 1447 ..)
561 1377 649 1449 atque
665 1371 696 1429 in
711 1371 885 1431 universum
905 1371 934 1428 id
956 1371 1027 1429 licet
1042 1373 1207 1443 observare,
1228 1373 1258 1431 in
1280 1373 1437 1448 prooemiis

248 1475 421 1552 quibusdam
444 1496 482 1533 ex
502 1477 545 1533 eis
567 1477 756 1547 orationibus,
780 1477 860 1534 unde
880 1476 1006 1533 maiores
1027 1476 1195 1562 minoresve
1218 1483 1315 1553 partes
1335 1497 1438 1535 eorum

248 1581 402 1656 decerptae
414 1586 491 1651 sunt,
509 1582 599 1639 etiam
615 1582 730 1656 singula
745 1583 889 1659 quaedam
905 1582 996 1640 verba
1011 1581 1188 1638 adhaesisse.
1213 1582 1296 1639 cuius
1311 1583 1355 1639 rei
1371 1601 1437 1658 pro-

247 1685 375 1764 oemium
398 1689 447 1756 21,
472 1687 509 1743 de
532 1705 589 1763 quo
613 1687 751 1744 continuo
773 1705 962 1761 exponemus,
987 1685 1194 1759 gravissimum
1214 1691 1259 1744 est
1279 1688 1436 1744 documen-

247 1794 319 1846 tum.
350 1809 383 1847 ac
400 1790 489 1848 simili
506 1792 591 1848 modo
607 1791 639 1847 iu
654 1811 698 1867 pr.
717 1795 756 1848 46
774 1810 813 1847 ex
828 1809 887 1847 une
902 1791 1065 1867 eademqne
1081 1809 1122 1847 or.
1140 1791 1259 1848 XVIII.
1277 1788 1438 1868 θεωρήσεις

247 1898 379 1970 receptas
395 1915 458 1952 esse
473 1900 569 1970 patet:

310 2018 353 2074 pr.
371 2002 421 2069 46,
444 2019 454 2056 1
475 1994 498 2054 εί
515 1996 564 2070 μὲν
581 1993 626 2055 οὖν
641 1993 709 2073 ήσαν
725 1997 812 2055 αὐτῶν
931 2018 973 2056 or.
986 2000 1097 2056 XVIII
1112 2002 1150 2056 95
1169 1994 1192 2053 εἰ
1204 1995 1238 2054 τὰ
1250 1996 1359 2071 μάλιστ’
1369 1992 1437 2072 ήσαν

246 2081 358 2174 ἀληθὲίς
375 2095 428 2183 (sc.
445 2099 473 2159 αί
488 2099 663 2182 κατηγορίαι)
682 2149 688 2159 .
708 2150 714 2161 .
866 2099 980 2175 ἀληθεῖς
1005 2097 1057 2182 (sc.
1080 2099 1106 2158 αἱ
1131 2096 1315 2181 συκοφαντίαι)
1334 2146 1341 2159 .
1360 2145 1377 2173 .,
1398 2103 1436 2160 cf.

865 2226 907 2264 or.
924 2209 1052 2265 XVIIII
1070 2211 1086 2264 5
1105 2208 1137 2263 ἂν
1154 2205 1204 2280 μὲν
1221 2199 1265 2262 οὖν
1281 2201 1345 2263 ὦσιν
1361 2204 1437 2280 άλη-

866 2310 921 2378 θείς
939 2307 992 2391 (sc.
1010 2309 1038 2368 αί
1054 2304 1249 2390 ἀπαγγελίαι),
1273 2311 1357 2368 cuius
1373 2330 1436 2368 ora·

865 2416 955 2473 tionis
967 2416 1088 2474 initium
1101 2436 1167 2473 oum
1179 2415 1326 2492 principio
1338 2435 1381 2491 pr.
1396 2419 1435 2472 46

865 2521 1043 2578 contulimus
1059 2542 1087 2596 p.
1104 2525 1154 2577 60.

307 2624 381 2682 ibid.
398 2623 413 2701 5
430 2629 448 2682 4
464 2622 565 2698 λόγους
582 2624 611 2682 ου
626 2625 812 2702 προσήκοντας
930 2644 972 2682 or.
990 2626 1100 2682 XVIII
1119 2629 1177 2683 129
1200 2624 1229 2681 οὒ
1250 2624 1437 2701 προσήκοντας

244 2771 251 2786 .
269 2727 400 2786 ,ἀκούειν
417 2773 424 2786 .
442 2773 450 2787 .
866 2725 974 2803 ἐμαυτῷ
999 2724 1070 2798 δόξω
1092 2728 1261 2809 προῃρῆσθαι
1284 2726 1434 2805 λόγους..

308 2834 380 2892 ibid.
390 2831 405 2910 5
416 2839 433 2892 2
448 2831 657 2910 διαστρέψαντες
668 2830 792 2906 τάληθῆ.
805 2879 811 2889 .
930 2833 1003 2890 ibid.
1011 2831 1026 2909 5
1035 2837 1095 2891 140
1106 2830 1273 2910 διαστρέψων
1281 2831 1402 2907 τάληθές
1413 2877 1435 2890 ..

308 2935 715 3014 111111.ἓ31ὰπροσόνθάίιτοῖς
727 2935 812 2993 ἀκοῦ-
931 2938 1003 2995 ibid.
1030 2935 1046 3013 5
1075 2942 1135 2995 264
1167 2933 1286 3010 δείξαιμι
1312 2937 1436 3016 προσόντ’

244 3060 287 3097 σαι
305 3036 553 3121 (intellegendum
569 3061 630 3099 esse
651 3037 751 3119 αἰσχρά
765 3031 812 3097 καί
866 3037 965 3117 αἰσχρὰ
979 3040 1064 3116 τούτῳ
1080 3037 1127 3098 καί
1142 3040 1232 3114 όνείδη
1251 3087 1258 3101 .
1277 3087 1283 3100 .

243 3141 333 3218 όνείδη
349 3147 409 3205 iam
424 3148 532 3205 Reiske
548 3139 753 3225 significavit).

346 3254 410 3309 Iam
432 3257 464 3309 tu
484 3257 569 3327 putas
585 3252 817 3308 Demosthenem
838 3251 869 3306 in
885 3250 1067 3307 orationibus
1084 3251 1274 3308 conficiendis
1290 3272 1437 3308 summum

243 3374 299 3432 quo
315 3356 450 3414 fervebat
466 3361 564 3413 orator
574 3357 710 3412 ardorem
727 3353 906 3429 spirantibus
918 3373 956 3410 ex
972 3354 1131 3429 prooemiis
1147 3360 1297 3430 tamquam
1309 3376 1347 3412 ex
1364 3357 1437 3413 cella

244 3459 458 3536 deprompsisse
484 3460 612 3534 singulas
637 3457 799 3516 sententias
823 3463 853 3514 et
875 3460 966 3516 verba
990 3478 1083 3534 eaque
1110 3458 1295 3516 frustillatim
1323 3462 1437 3535 prolata

244 3563 508 3638 conglutinavisse?
538 3585 575 3621 an
596 3584 696 3621 censes
716 3564 789 3620 haec
805 3567 838 3619 ut
858 3568 1063 3637 congruerent,
1086 3582 1154 3620 casu
1170 3568 1200 3620 et
1219 3564 1344 3621 fortuito
1361 3565 1436 3622 acci-

244 3667 336 3726 disse?
367 3671 418 3726 sed
435 3689 479 3739 eo,
496 3671 574 3726 unde
590 3670 648 3726 huc
665 3668 788 3742 digressi
806 3687 914 3738 sumus,
931 3673 1127 3726 revertamur.

346 3775 395 3831 Pr.
414 3778 452 3830 21
476 3793 532 3850 quo
554 3773 670 3848 saepius
689 3774 797 3847 relego,
821 3791 854 3828 eo
876 3772 968 3845 magis
985 3771 1059 3828 mihi
1080 3773 1276 3847 persuadetur
1291 3777 1325 3829 ut
1345 3775 1436 3830 aDe-

243 3878 395 3935 mosthene
409 3879 606 3953 conscriptum
621 3884 758 3953 putemus
770 3877 850 3932 nullo
866 3877 951 3932 modo
967 3876 1033 3933 fieri
1049 3896 1143 3952 posse.
1167 3876 1244 3933 nihil
1260 3877 1340 3934 aliud
1357 3877 1437 3934 enim

242 3986 287 4038 est
305 3981 374 4052 nisi,
396 3989 430 4039 ut
449 3983 492 4039 ita
512 3982 617 4052 dicam,
639 3981 734 4038 oratio
754 3981 785 4038 in
806 3985 963 4055 angustum
979 3985 1087 4052 coacta,
1109 3986 1139 4037 et
1155 3981 1337 4057 Philippicas
1354 3983 1436 4040 volu-

243 4087 332 4142 tando
354 4085 442 4144 facile
462 4085 593 4162 reperies
613 4105 741 4143 summas
764 4090 915 4162 tamquam
935 4103 982 4141 res
1006 4104 1044 4141 ex
1064 4104 1106 4142 or.
1127 4086 1205 4142 IIII.
1227 4092 1381 4161 excerptas
1405 4085 1435 4141 in

243 4190 391 4264 prooemio
412 4191 545 4266 proponi,
567 4190 610 4247 ita
626 4195 734 4260 tamen,
755 4196 789 4246 ut
810 4209 867 4247 non
884 4189 960 4246 nihil
980 4189 1069 4246 etiam
1086 4209 1124 4246 ex
1140 4209 1174 4246 ea
1190 4209 1265 4266 quae
1285 4189 1437 4265 praecedit

243 4295 384 4364 oratione,
401 4294 521 4352 tertiam
534 4294 608 4364 dieo,
627 4300 657 4351 ct
673 4315 712 4351 ex
724 4313 765 4351 or.
779 4295 866 4351 VIII.
881 4294 1043 4351 delibatum
1055 4293 1102 4350 sit.
1127 4312 1160 4351 ao
1177 4295 1324 4350 derorum
1340 4299 1435 4368 gesta·

242 4418 307 4455 rum
327 4417 478 4468 consensu,
501 4399 537 4454 dc
553 4397 687 4473 Philippi
708 4397 739 4454 in
756 4399 982 4474 Hellespontum
1001 4398 1080 4454 facta
1100 4397 1293 4476 expeditione
1314 4397 1436 4473 eiusque

242 4502 366 4562 navibus
382 4503 419 4558 ad
432 4504 608 4559 Marathona
623 4501 752 4578 adpulsis
769 4521 856 4577 supra
872 4502 984 4559 dictum
1001 4505 1055 4558 est.
1080 4521 1155 4578 quae
1172 4501 1281 4559 deinde
1297 4503 1437 4576 leguntur

243 4607 273 4664 in
293 4606 443 4682 prooemio
465 4607 691 4677 admonitiones,
713 4626 750 4662 ne
767 4607 966 4664 Athenienses
988 4607 1116 4663 decretis
1137 4627 1167 4663 se
1184 4606 1363 4676 contineant,
1385 4608 1434 4664 sed

243 4731 277 4767 ea
292 4711 401 4768 acriter
416 4711 580 4786 perficiant,
597 4716 631 4769 ut
646 4716 842 4768 commeatum
859 4715 972 4786 parent,
990 4731 1027 4768 ne
1043 4730 1116 4787 quos
1132 4710 1228 4769 velint
1243 4710 1274 4766 in
1290 4711 1435 4769 iudicium
