3530 5536
829 472 1042 526 ..74-

342 677 468 728 vorsum,
486 658 528 716 ita
544 659 575 716 in
591 659 694 735 primis
706 657 721 735 ξ
735 663 763 716 3.
788 659 818 715 iu
835 679 907 735 quos
922 659 981 716 iam
992 659 1096 737 Lysias
1113 659 1246 718 invectus
1259 664 1331 729 erat,
1348 678 1414 717 oum
1426 660 1530 717 acerbe

343 762 455 820 diceret
475 782 516 820 or.
537 768 585 834 19,
607 783 631 822 οι
653 758 703 819 eloi
722 760 753 819 δέ
769 781 839 833 τινες
855 760 880 819 ol
894 759 1143 842 προαναλίσκοντες
1159 762 1241 836 μένου
1256 759 1348 820 τούτου
1364 761 1466 839 ἕνεκεν,
1486 761 1530 819 ἵνα

342 864 435 943 οίρχειν
451 864 575 941 ὑφ’ὓμῶν
592 861 752 936 ἀξιωθέντες
768 864 897 925 διπλάσια
912 859 1087 939 κομίσωνται.

444 971 538 1029 Tanta
557 975 657 1029 autam
676 977 721 1028 est
740 973 772 1029 in
789 972 840 1043 eis,
862 973 914 1049 qui
934 973 1034 1029 omnia
1053 973 1089 1029 ad
1111 991 1192 1029 suam
1209 969 1371 1028 utilitatem
1386 971 1529 1042 referunt,

340 1075 526 1151 impudentia
541 1081 571 1134 et
586 1077 762 1150 arrogantia,
783 1083 817 1135 ut
837 1079 987 1154 populum,
1008 1097 1095 1154 quom
1110 1076 1253 1153 expilant,
1275 1095 1337 1132 aso
1353 1075 1444 1133 amari
1461 1094 1530 1133 eon·

340 1179 477 1237 tendant:

404 1303 447 1359 pr.
473 1286 523 1354 53,
551 1302 564 1342 ο
590 1279 652 1359 φασὶ
674 1282 735 1361 μέν,
762 1278 786 1341 ὦ
808 1283 833 1342 οῖ.
857 1283 907 1362 Ἀ.,
1026 1286 1114 1342 Isoer.
1131 1304 1173 1342 or.
1192 1289 1220 1354 8,
1242 1303 1278 1342 ιιι
1298 1281 1352 1360 χρὴ
1371 1282 1409 1357 μὴ
1426 1283 1529 1361 προσέ-

339 1385 426 1461 φιλεῖν
438 1385 518 1464 ὑμᾶς,
534 1385 638 1464 φιλοῦσι
655 1386 679 1445 δ’
688 1386 740 1464 οὐχ
755 1388 824 1463 ὑμᾶς
840 1387 907 1448 ἀλλ’
960 1407 1019 1464 χειν
1040 1387 1084 1445 τον
1105 1390 1164 1445 νοῦν
1181 1387 1237 1456 τοῖς
1255 1385 1283 1444 ἐν
1298 1385 1336 1465 τῷ
1351 1387 1463 1465 παρέντι
1479 1384 1529 1461 μὲν

340 1489 444 1560 αὐτοὺς.
960 1493 1151 1570 χαριζομένοις
1168 1538 1174 1550 .
1193 1537 1199 1549 .
1218 1489 1289 1565 μηδὲ
1303 1491 1360 1561 τοῖς
1375 1490 1462 1568 φιλεῖν
1478 1489 1529 1565 μέν

959 1596 1003 1654 τδν
1013 1595 1102 1669 δῆμον
1111 1597 1264 1673 φάσκουσιν,
1275 1594 1344 1669 ὅλην
1353 1593 1384 1653 δὲ
1392 1594 1439 1668 τὴν
1448 1594 1529 1654 πόλιν

958 1699 1177 1774 λυμαινομένοις.
1199 1722 1252 1777 per
1264 1701 1529 1759 dissimulationem

959 1811 1057 1864 autem
1072 1807 1287 1864 Demosthenes
1302 1807 1374 1864 haee
1390 1806 1470 1863 dixit
1485 1825 1527 1863 or.

961 1915 988 1980 3,
1006 1931 1044 1968 ιιι
1067 1908 1165 1967 ἐκεῖνοι
1183 1904 1279 1987 τοίνυν,
1300 1899 1340 1977 οἷς
1360 1908 1410 1966 οὐκ
1430 1905 1528 1988 ἐχαρί-

959 2013 1029 2082 ζονθ’
1043 2011 1067 2070 οἱ
1087 2011 1219 2087 λέγοντες
1239 2011 1413 2090 ουδ’ἐφιλουν
1434 2011 1528 2083 αὐτοὺς

959 2119 1048 2196 ὥσπερ
1061 2117 1131 2191 ὑμᾶς
1143 2110 1215 2176 οὗτοι
1227 2121 1270 2174 νῦν
1284 2163 1290 2175 .
1306 2162 1312 2176 .
1320 2141 1327 2190 ;
1345 2125 1476 2177 aeterum
1488 2119 1526 2178 ef.

958 2224 1049 2281 etiam
1073 2216 1180 2306 [Bam]
1204 2243 1246 2281 or.
1272 2228 1321 2295 26,
1346 2242 1371 2281 au
1393 2220 1454 2292 τοὺς
1477 2219 1527 2294 μὲν

959 2328 1109 2404 φοίοκοντοις
1136 2326 1243 2398 τούτους
1269 2324 1308 2405 τῷ
1335 2324 1413 2405 λόγῳ
1440 2324 1528 2402 φιλεῖν

958 2431 1027 2505 ὑμαῖς
1049 2425 1155 2508 χαίρειν
1173 2430 1279 2504 sesae,
1304 2433 1374 2490 Din.
1392 2451 1434 2492 or.
1452 2436 1480 2504 3,
1504 2451 1529 2490 aa

959 2534 983 2594 οί
999 2535 1023 2593 δ’
1034 2532 1252 2612 ἐξεληλεγμένοι
1272 2534 1342 2593 κατὰ
1362 2539 1411 2611 της
1427 2531 1529 2592 ἑαυτῶν

958 2638 1087 2718 πατρίδος
1110 2639 1185 2718 δῶρα
1211 2636 1353 2716 εἰληφότες
1378 2687 1384 2699 .
1410 2685 1416 2696 .
1441 2638 1528 2717 φιλεῖν

958 2743 1028 2818 ὑμᾶς
1036 2745 1192 2822 φοίοκοντες.
1204 2745 1296 2802 simili
1305 2746 1433 2822 denique
1443 2745 1527 2802 modo

959 2853 994 2908 de
1007 2871 1057 2908 reo
1071 2842 1180 2932 [Dem]
1195 2869 1237 2907 or.
1252 2855 1301 2920 58,
1319 2869 1344 2907 ae
1360 2849 1529 2907 dictumest

959 2953 1098 3032 δευτέρους
1113 2953 1166 3032 γὰρ
1179 2954 1248 3027 ὑμᾶς
1262 2954 1339 3030 φήσει
1355 2953 1441 3031 φιλεῖν
1458 2950 1529 3025 μετὰ

958 3059 1020 3130 τοὺς
1036 3055 1159 3129 οἰκείους.

440 3161 553 3217 Eadem
564 3161 679 3218 ratione
696 3163 874 3221 detrimento
891 3171 936 3222 est
950 3165 995 3222 rei
1010 3164 1145 3241 publieae
1161 3183 1262 3221 eorum
1277 3162 1459 3239 improbitas,
1475 3162 1528 3240 qui

337 3263 468 3322 civitatis
481 3264 640 3322 commodis
657 3267 799 3340 neglectis
816 3269 929 3342 gratiae
945 3289 961 3326 a
977 3270 1084 3344 populo
1101 3269 1248 3325 ineundae
1263 3287 1349 3326 eausa
1364 3287 1399 3324 ea
1414 3266 1525 3336 dieunt,

337 3388 412 3446 quae
428 3370 557 3428 ineunda
573 3371 600 3428 ei
616 3372 681 3429 fore
697 3372 859 3432 confident:

400 3495 444 3550 pr.
469 3479 519 3545 41,
543 3495 556 3533 e
581 3474 599 3549 ἡ
622 3477 672 3548 μέν
696 3472 741 3534 οὖν
764 3475 836 3556 ἀρχὴ
860 3481 905 3536 τοῦ
1024 3480 1199 3547 Dem.or.9,
1213 3473 1393 3548 οπολλὰμὲν
1407 3469 1527 3544 οὖν’ίσιυς

334 3576 502 3647 vasonum
519 3577 593 3653 ἔχειν
611 3578 715 3637 ἐκεῖθεν
731 3579 853 3658 ἤρτηται,
873 3581 905 3638 ἐκ
960 3577 1029 3638 ἐστίν
1052 3578 1122 3638 α’ίτιοι
1141 3575 1277 3659 redeunt)
1303 3576 1350 3636 καί
1372 3579 1402 3637 οὺ
1421 3577 1485 3657 παρ’
1498 3579 1527 3635 έν

334 3683 380 3739 τοῦ
399 3686 448 3755 τῆς
467 3687 639 3761 παραχρῆμα
655 3684 722 3762 προς
738 3684 806 3758 ὑμᾶς
823 3685 905 3744 ἕνεκα
959 3683 1020 3743 οὐδὲ
1029 3683 1075 3742 δύο
1085 3681 1124 3753 εἰς
1136 3687 1212 3742 τοῦτο
1220 3683 1254 3741 τὰ
1262 3682 1400 3761 πράγματ’
1409 3682 1526 3764 ἀφῖκται,

334 3786 445 3862 χοίφιτος
463 3784 547 3855 ένίους
563 3791 616 3844 τῶν
632 3787 770 3865 λεγόντων
785 3788 905 3848 ἐνταυθοῖ
959 3789 1077 3863 μάλιστα
1104 3788 1139 3858 δ’,
1167 3789 1249 3866 ἄνπερ
1275 3784 1412 3861 ἐξετάζητ’
1430 3786 1526 3866 ὀρθῶς,

335 3888 502 3968 δημηγορεῖν
519 3937 524 3947 .
543 3936 560 3968 .,
577 3894 647 3951 vide
664 3916 691 3970 p.
711 3899 749 3952 15
766 3898 793 3953 b.
958 3893 1085 3972 εὑρήσετε
1106 3892 1150 3951 διὰ
1166 3891 1227 3963 τους
1242 3891 1401 3970 χαρίζεσθαι
1417 3891 1527 3966 μᾶλλον

956 4001 974 4072 ἢ
990 3997 1024 4055 τὰ
1040 3997 1168 4071 βέλτιστα
1180 3997 1275 4074 λέγειν
1288 3997 1526 4074 προαιρουμένους.

957 4124 998 4161 or.
1022 4109 1049 4173 8,
1075 4125 1085 4161 1
1111 4099 1190 4158 Ἔδει
1214 4102 1273 4178 μέν,
1298 4097 1320 4158 ὦ
1344 4100 1370 4159 οῖ.
1393 4101 1443 4178 Ἀ.,
1466 4100 1527 4168 τοὺς

956 4207 1091 4282 λέγοντας
1112 4205 1233 4275 ἅπαντας
1255 4207 1324 4278 μήτε
1342 4205 1410 4282 προς
1427 4204 1526 4282 ἔχθραν

954 4310 1088 4368 ποιεῖσθαι
1118 4309 1203 4385 λόγον
1231 4307 1338 4383 μηδένα
1365 4311 1433 4382 μήτε
1460 4309 1527 4387 προς

954 4413 1289 4494 χάριν,οἰλλ’δβέλτιοτον
1298 4415 1412 4484 ἕκαστος
1421 4415 1525 4492 ἡγεῖτο,

954 4519 1024 4578 τοῦτ’
1038 4518 1239 4597 ἀποφαίνεσθαι,
1261 4540 1302 4578 or.
1325 4525 1353 4592 3,
1377 4540 1401 4578 ai
1423 4516 1527 4578 δικαίου

437 4653 460 4717 ⁵)
479 4653 523 4702 Ita
541 4669 615 4703 nuno
633 4653 716 4703 edunt
739 4654 812 4704 eodd.
833 4653 852 4703 ll
871 4661 898 4705 et
919 4672 957 4722 pr.
976 4657 998 4705 L
1017 4657 1110 4718 saeuti,
1134 4658 1179 4706 cni
1197 4657 1309 4706 lectioni
1328 4655 1467 4721 vulgatam
1485 4656 1527 4704 τοῦ

334 4736 488 4796 raotola<
507 4735 571 4806 ἔχειν
590 4740 719 4804 praetulit
736 4741 859 4791 Diudorf.
