3530 5536
832 453 1044 506 ..12-

346 638 448 711 aperta
459 635 544 693 modo
556 641 642 708 tecta,
657 641 692 694 ut
703 638 739 694 de
751 638 854 696 eodem
865 643 984 696 auctore
996 638 1166 714 cogitemus,
1183 658 1409 711 commovemur,
1423 640 1531 698 deiude

346 739 383 797 de
398 739 571 798 elocutionis
586 740 796 818 aequabilitate
811 741 843 798 in
858 741 902 800 eis
917 743 1005 803 obvia
1019 743 1204 815 disseramus,
1222 743 1348 822 denique
1364 745 1401 802 de
1416 763 1531 821 compo·

346 842 452 903 sitione
467 844 499 902 in
516 845 648 904 omnibus
663 851 842 922 congruente
856 866 1045 924 exponamus.

926 1109 951 1165 I.

448 1264 485 1321 In
497 1263 704 1322 enumerandis
715 1263 976 1340 prooemiorum
990 1264 1087 1336 locis,
1100 1263 1227 1342 quibus
1243 1269 1302 1323 aut
1317 1265 1408 1324 idem
1424 1266 1530 1341 signi-

344 1366 479 1458 ficatur
497 1372 557 1426 aut
576 1367 694 1426 simile
709 1368 864 1446 aliquid,
885 1368 955 1427 huic
969 1368 1079 1427 rationi
1095 1388 1147 1427 nos
1162 1369 1340 1441 addiximus,
1360 1373 1394 1427 ut
1409 1369 1467 1427 tria
1481 1389 1531 1444 ge-

344 1490 416 1529 nera
438 1491 501 1530 ease
520 1473 676 1544 vellemus3
700 1491 824 1550 quorum
846 1491 938 1530 unum
961 1477 1061 1532 manat
1083 1493 1122 1532 ex
1143 1492 1266 1550 persona
1288 1473 1352 1531 eius
1372 1473 1423 1551 qui
1447 1473 1530 1546 dicit,

344 1577 469 1634 alterum
483 1582 618 1637 versatur·
636 1577 668 1635 in
688 1577 871 1655 explicandis
887 1577 930 1636 eis
949 1578 1031 1649 locis,
1053 1578 1105 1656 qui
1121 1577 1245 1656 profecti
1261 1580 1380 1636 suntab
1395 1579 1531 1638 adversa·

342 1681 455 1741 riorum
475 1701 634 1760 corumque
653 1701 787 1758 persona,
808 1701 933 1760 quorum
947 1682 1077 1741 rationes
1091 1682 1282 1761 improbando
1297 1701 1363 1740 suas
1379 1682 1532 1741 confirmat

344 1791 450 1865 orator,
470 1787 593 1846 tertium
613 1806 663 1846 eos
681 1789 759 1847 locos
774 1787 988 1864 complectitur,
1011 1788 1061 1865 qni
1077 1788 1192 1847 faciunt
1205 1790 1243 1847 ad
1258 1807 1411 1865 personam
1426 1807 1531 1867 resque

343 1910 444 1949 eorum
460 1891 511 1969 qui
527 1891 660 1950 audiunt.

445 2100 556 2158 Primi
577 2099 670 2175 igitur
689 2099 831 2176 generis
852 2104 920 2158 sunt
935 2100 964 2158 ei
979 2099 1045 2171 loci,
1063 2099 1169 2178 quibus
1185 2104 1283 2159 orator
1296 2120 1362 2158 suas
1376 2100 1470 2177 ipsius
1484 2121 1531 2159 ra·

342 2205 437 2263 tiones
455 2203 619 2262 accuratius
639 2204 789 2276 describit,
811 2205 883 2282 quid
903 2209 1051 2282 sequatur,
1073 2204 1145 2281 quid
1162 2204 1201 2262 sit
1216 2209 1341 2276 secutus,
1363 2205 1434 2282 quid
1451 2225 1531 2264 secu·

342 2314 426 2368 turus
441 2309 640 2386 explanand03
661 2308 749 2366 simul
764 2313 864 2367 antem
879 2302 984 2366 munus
1000 2308 1177 2367 describitur
1192 2328 1302 2380 corum,
1320 2309 1370 2387 qui
1387 2330 1417 2368 se
1432 2310 1531 2368 accin-

342 2418 415 2488 gunt
435 2413 471 2471 ad
493 2413 730 2484 contionandum,
754 2431 808 2471 nec
828 2433 886 2471 non
906 2413 1081 2490 explicatur,
1105 2413 1177 2491 quid
1193 2414 1392 2490 expetendum
1407 2414 1446 2472 sit
1460 2412 1530 2485 illis,

342 2518 413 2597 quid
434 2519 598 2578 vitandum.
621 2518 679 2576 huc
702 2522 770 2576 ante
793 2518 891 2576 omnia
913 2518 1064 2594 pertinent
1083 2518 1148 2576 illa:
1172 2539 1211 2590 sc,
1234 2538 1310 2596 quae
1326 2518 1437 2595 optima
1452 2518 1530 2576 arbi-

341 2628 445 2694 tretur,
466 2623 602 2681 omnibus
621 2621 742 2682 levioris
762 2622 902 2680 momenti
923 2624 1010 2681 rebus
1030 2622 1144 2680 omissis
1165 2623 1313 2680 dicturum
1333 2622 1423 2700 idque
1442 2641 1530 2699 quem

341 2727 513 2787 brevissime
532 2728 680 2786 facturum
700 2746 763 2786 esse
783 2747 879 2805 neque
895 2747 925 2785 se
940 2727 1012 2804 quin
1030 2728 1104 2785 haec
1120 2732 1274 2803 expromat
1289 2725 1465 2785 deterritum
1480 2726 1528 2785 iri.

921 2921 947 2958 a.

443 3060 488 3116 pr.
508 3044 534 3111 1,
556 3060 569 3098 ν
590 3039 755 3116 πειράσομαι
774 3037 968 3112 συμβουλεύειν
989 3039 1007 3095 ά
1025 3038 1154 3115 κράτιστα
1174 3031 1242 3096 εἶναι
1262 3035 1375 3115 νομίζω,
1395 3058 1439 3113 pr.
1457 3042 1485 3108 8,
1501 3056 1527 3094 a:

341 3165 388 3203 ex.
403 3164 444 3202 or.
457 3145 542 3202 XVI.
557 3138 682 3221 ἄρξομαι,
698 3144 857 3220 άκράτιστα
867 3141 979 3218 νομίζω,
997 3139 1145 3221 διδάσκειν,
1160 3163 1204 3219 pr.
1220 3147 1268 3212 11,
1282 3163 1294 3200 ν
1310 3139 1352 3198 διδ
1367 3141 1530 3218 πειράσομαι

343 3294 350 3306 .
368 3293 374 3304 .
393 3245 590 3320 συμβουλεῦσαι
607 3245 631 3304 δ’
648 3248 666 3304 ά
680 3247 809 3324 κράτιστα
823 3245 924 3321 νομίζω
939 3243 1001 3325 περὶ
1016 3250 1068 3304 τῶν
1083 3245 1233 3324 παρόντων,
1254 3267 1298 3323 pr.
1314 3249 1362 3318 15,
1375 3265 1388 3303 a
1403 3238 1480 3317 οἶμαι
1496 3293 1503 3305 .
1521 3291 1527 3303 .

340 3349 401 3430 περί
418 3352 568 3410 αὐτῶντῶν
583 3351 732 3430 παρόντων,
749 3346 907 3429 άκράτιστα
918 3348 1029 3428 νομιζω,
1046 3349 1150 3427 λέγειν,
1166 3371 1210 3427 pr.
1225 3355 1275 3422 30,
1288 3371 1300 3408 ν
1314 3350 1478 3427 πειράσομαι
1494 3346 1529 3426 δ’,

341 3458 359 3515 ά
378 3457 505 3534 κράτιστα
525 3455 636 3534 νομίζω,
660 3453 867 3534 συμβουλεῦσαι,
890 3476 935 3532 pr.
952 3460 1003 3526 49,
1019 3476 1032 3513 ι
1053 3452 1095 3512 δεῖ
1115 3451 1139 3511 δ’
1151 3451 1217 3531 ὑπὲρ
1232 3457 1286 3510 τῶν
1300 3454 1479 3532 πραγμάτων,
1497 3499 1503 3512 .
1521 3496 1528 3510 .

342 3561 359 3618 ά
378 3580 417 3632 τις
436 3561 544 3637 ἡγεῖται
563 3560 701 3638 κράτιστα,
725 3558 828 3635 λέγειν,
853 3581 897 3637 pr.
915 3565 944 3631 4,
961 3580 973 3618 2
996 3560 1014 3616 ά
1033 3557 1175 3636 συμφέρειν
1190 3556 1251 3630 ὑμῖν
1266 3556 1377 3637 νομίζω,
1396 3559 1528 3617 ταῦτα..

342 3663 395 3743 ἐρῶ
409 3663 477 3743 πρδς
492 3663 572 3741 ὑμᾶς,
587 3686 632 3741 pr.
650 3668 700 3736 52,
717 3685 730 3723 a
747 3662 884 3737 βούλομαι
899 3661 924 3721 δ’
936 3661 1003 3740 ὑπὲρ
1018 3655 1055 3720 ὧν
1072 3660 1195 3740 ἀνέσταν,
1211 3663 1229 3719 d
1244 3659 1346 3734 νομίζω
1361 3659 1529 3740 συμφέροντ’,

341 3765 435 3847 εἰπεῖν,
459 3790 503 3846 pr.
521 3774 571 3840 40,
588 3789 601 3827 a
621 3769 638 3826 οἳ
659 3766 685 3825 δ’
697 3768 816 3844 ἡγοῦμαι
835 3767 978 3846 συμφέρειν
994 3767 1064 3845 ὑμῖν,
1084 3768 1168 3824 ταῦτα
1183 3763 1386 3844 συμβουλεύσω,
1409 3787 1453 3843 pr.
1472 3771 1501 3838 6,
1517 3787 1530 3825 a

340 3875 358 3932 ἃ
374 3872 502 3948 βέλτιστα
517 3871 567 3945 μὲν
583 3875 638 3943 τοῖς
652 3874 793 3953 πράγμασι
809 3873 975 3950 συμφέροντα
988 3870 1019 3930 δὲ
1030 3873 1088 3941 τοῖς
1099 3870 1311 3944 βουλευομένοις
1325 3869 1385 3943 ὑμῖν
1399 3870 1529 3948 ἡγοῦμαι,

340 3976 431 4036 ταῦθ’.
455 4023 461 4036 .
483 3973 565 4035 εἰπὼν
587 3975 792 4050 καταβήσομαι,
815 3998 860 4054 pr.
878 3981 928 4048 20,
949 3996 962 4034 a
984 3977 1002 4034 οἳ
1023 3971 1048 4033 δ’
1064 3977 1097 4032 ἂν
1120 3967 1196 4049 οἶμαι
1216 3977 1386 4050 συνενεγκεῖν
1408 3970 1470 4051 περί
1492 3965 1530 4031 ὧν

340 4078 394 4138 νυνὶ
410 4081 545 4159 σκοπεῖτε,
560 4079 632 4138 ταῦτ’
646 4077 729 4139 εἰπεῖν
744 4082 914 4158 πειράσομαι.
936 4101 980 4157 pr.
995 4085 1045 4149 22,
1063 4100 1076 4138 a
1091 4080 1109 4136 οἳ
1124 4077 1244 4152 βέλτισθ’
1256 4076 1316 4149 ὑμῖν
1332 4075 1529 4154 ὑπολαμβάνω,

340 4184 412 4244 ταῦτ’
424 4182 480 4259 ἤδη
499 4183 702 4258 συμβουλεύσω.
723 4206 768 4262 pr.
786 4191 814 4256 8,
831 4204 856 4244 a:
879 4205 918 4243 ex
938 4204 979 4242 or.
997 4185 1081 4242 XVI.
1104 4179 1249 4261 αἱρήσομαι
1270 4180 1380 4255 μᾶλλον
1400 4181 1479 4251 αὐτός
1495 4225 1502 4238 .
1521 4225 1528 4238 .

340 4287 430 4348 δοκεῖν
446 4286 584 4367 φλυαρεῖν,
604 4287 731 4367 ἢπαρ’ά
751 4286 879 4361 βέλτιστα
898 4285 999 4362 νομίζω
1020 4290 1052 4366 τῇ
1073 4285 1152 4345 πόλει
1167 4285 1294 4364 προέσθαι
1312 4330 1317 4343 .
1335 4331 1367 4364 .,
1388 4307 1432 4363 pr.
1451 4290 1501 4356 23,
1517 4306 1530 4343 2

341 4394 370 4452 σὺ
387 4393 442 4468 μὴν
458 4391 550 4468 σίομαι
565 4391 622 4451 δεῖν
639 4437 646 4452 .
665 4437 672 4452 .
688 4392 784 4470 λέγειν
798 4391 862 4470 παρ’
876 4393 894 4449 οἳ
909 4392 1051 4469 συμφέρειν
1066 4390 1127 4464 ὑμῖν
1143 4389 1272 4468 ἡγοῦμαι,
1287 4412 1330 4468 pr.
1350 4396 1399 4462 28,
1417 4410 1427 4447 ι
1448 4386 1529 4447 ουδε-

339 4497 442 4556 πὼιιστ’
460 4497 546 4574 ἔγνων
563 4541 570 4556 .
588 4541 596 4555 .
612 4496 706 4574 λέγειν
725 4517 750 4554 τι
766 4543 773 4556 .
792 4541 825 4572 .,
849 4497 864 4554 ὅ
883 4515 909 4553 τι
929 4497 961 4552 ἂν
981 4494 1019 4568 μὴ
1037 4543 1044 4555 .
1068 4540 1074 4552 .
1094 4491 1222 4553 συνοίσειν
1242 4495 1364 4570 ἡγῶμαι.
1387 4515 1432 4570 pr.
1451 4499 1500 4564 33,
1516 4513 1530 4550 ι

341 4600 408 4673 ἐμδν
425 4599 474 4675 μὲν
491 4600 570 4680 ἔργον
587 4597 671 4659 εἰπεῖν
687 4599 755 4672 ἴσως
767 4601 785 4657 ά
795 4599 903 4658 πέπεικ’
917 4598 1033 4673 ἐμαυτδν
1045 4600 1197 4677 συμφέρειν,
1213 4620 1258 4676 pr.
1273 4603 1347 4670 50‚1
1365 4594 1421 4674 ἐγὼ
1437 4594 1461 4652 δ’
1473 4591 1528 4672 οὖν,

341 4705 359 4763 ἃ
373 4703 510 4776 πεπεικὼς
526 4703 642 4779 ἐμαυτδν
657 4705 785 4782 τυγχάνω
802 4702 922 4780 μάλιστα
938 4703 1078 4782 συμφέρειν
1094 4699 1166 4780 ὑμῖν,
1182 4701 1255 4760 ταῦτ’
1266 4699 1330 4781 ἐρῶ.
