3530 5536
698 458 912 512 -69,

279 661 322 717 pr.
346 645 396 712 33,
418 661 430 699 s
451 638 492 697 δεῖ
512 639 543 698 δὲ
563 637 689 720 πράξεώς
708 661 780 712 τινος

202 744 255 800 τδν
273 743 393 821 λέγοντα
408 749 522 821 φανῆναι
537 744 690 818 σύμβουλον
707 790 714 804 .
729 793 735 806 .

278 870 321 925 pr,
340 854 388 920 17,
410 870 422 906 τι
442 849 471 906 ου
489 847 542 926 γὰρ
559 847 648 930 ἐνδείᾳ
669 869 714 922 μοι
731 848 779 907 δο-

200 954 285 1010 κεῖτε
304 952 398 1030 λόγων
419 951 482 1010 ουδὲ
506 955 549 1011 νῦν
570 953 634 1030 δρᾶν
654 950 687 1010 τὰ
706 955 779 1032 πρά-

200 1077 304 1132 γματα
312 1058 399 1115 πάντα
408 1055 616 1136 λελυμασμένα,
627 1056 704 1116 ἀλλὰ
711 1058 748 1136 τῲ
757 1103 777 1118 ..

276 1288 320 1344 pr.
335 1272 384 1338 21,
401 1287 414 1325 4
430 1265 459 1323 οὺ
474 1265 527 1343 γὰρ
543 1266 608 1341 ἡμῖν
622 1266 712 1337 αὺτοῖς
727 1285 779 1324 πο-

200 1369 309 1443 λεμεῖν
330 1368 440 1442 μᾶλλον
460 1372 478 1443 ἢ
500 1369 613 1440 ἐκείνοις
635 1369 716 1444 ἐσμὲν
735 1369 778 1428 δί-

201 1493 292 1532 καιοι.
313 1477 351 1534 ef.
364 1476 456 1533 etiam
471 1496 515 1551 pr.
530 1479 579 1546 35,
595 1496 609 1533 ι
625 1474 675 1552 οῖιχ
687 1473 778 1552 ὥσπερ

201 1577 332 1652 ἡμεῖς..
347 1577 483 1652 ἀλλήλων
499 1581 716 1656 περιγιγνόμενα
731 1577 777 1638 καὶ

203 1678 271 1759 σὺχί
286 1685 338 1740 τῶν
357 1681 462 1761 ἐχθρῶν
479 1728 486 1743 .
505 1730 510 1743 .

277 1809 320 1863 pr.
336 1793 385 1858 21,
404 1808 416 1846 3
437 1786 479 1845 δεῖ
499 1785 530 1844 δέ
551 1785 750 1858 βουλεύεσθαι.
769 1832 775 1846 .

206 1889 251 1967 ἐφ’
260 1889 374 1966 ἡσυχίας
391 1936 398 1949 .
416 1936 423 1949 .

274 2329 318 2384 pr.
329 2312 379 2378 55,
393 2328 405 2366 3
418 2301 477 2364 εἶτα
490 2308 652 2387 θαυμάζετε,
666 2308 776 2367 ἐπειδὰν

207 2411 223 2466 ὁ
247 2409 312 2468 δεῖν’
326 2409 462 2485 εὐδαίμων
485 2409 530 2469 ιιαί
551 2411 566 2469 ὁ
587 2408 651 2470 δεῖν’
664 2413 724 2487 ὑμῖν
747 2409 775 2494 ᾖ,

208 2520 331 2591 συνεχῶς
343 2513 437 2572 πολλὰ
449 2515 611 2595 λαμβάνων,
624 2517 649 2575 οῖ
661 2517 776 2577 δ’άλλοι

207 2618 329 2697 περιίητε
338 2619 359 2695 ¹)
370 2619 403 2677 τὰ
413 2620 510 2678 τούτων
520 2620 610 2697 ἀγαθὰ
620 2621 775 2695 ζηλοῦντες.

276 3268 319 3322 pr.
337 3253 386 3318 49,
409 3269 420 3304 1
441 3244 518 3304 οῖιδὲν
534 3245 587 3326 γὰρ
604 3246 691 3305 πλέον
709 3242 776 3305 εἶναι

210 3349 254 3406 τὀν
271 3347 381 3427 ἐροῦντα
396 3350 430 3408 τά
448 3350 587 3428 βέλτιστοι,
609 3354 641 3409 ἂν
662 3351 700 3426 μὴ
715 3351 776 3423 τους

211 3453 408 3528 ἀκουσομένους
424 3455 486 3537 ἔχῃ.

899 664 941 701 or.
948 646 1026 702 VIII
1041 649 1055 700 7
1061 649 1078 700 3
1093 641 1134 699 δεῖ
1146 641 1170 700 δ’
1180 643 1266 720 ἔργων
1277 649 1311 724 τῇ
1323 643 1404 702 πόλει

833 743 879 804 καὶ
894 743 1022 825 πράξεώς
1036 766 1115 815 τινος.

898 845 1007 934 [Demi
1035 871 1076 910 or,
1101 853 1131 909 X
1162 856 1199 909 75
1227 847 1273 907 καὶ
1295 850 1349 929 γὰρ
1373 851 1403 910 σὺ

832 954 925 1031 λέγων
947 952 1037 1035 ἐνδείᾳ
1058 974 1103 1029 μοι
1124 953 1200 1012 δοκεῖ
1214 952 1248 1012 τὰ
1262 955 1402 1032 πράγματ’

832 1056 892 1116 οὔτε
912 1062 956 1117 νῦν
978 1055 1031 1116 οὔτ’
1042 1058 1146 1117 άλλοτε
1167 1060 1275 1117 πώποτε
1291 1058 1403 1137 φαύλως

833 1163 917 1239 ἔχειν,
934 1162 1000 1221 ἀλλ’
1011 1163 1074 1221 ὅταν
1092 1210 1098 1222 .
1117 1209 1122 1220 .

896 1260 1007 1349 [Dem]
1023 1288 1064 1326 or.
1081 1269 1112 1326 X
1131 1273 1168 1326 17
1190 1269 1266 1325 τοῦτο
1282 1264 1332 1340 μέν
1347 1268 1401 1345 γάρ

832 1371 887 1428 ἐστι
906 1369 1005 1444 λαβεῖν
1025 1371 1081 1449 ὅτῳ
1101 1370 1276 1444 πολεμήσετε
1299 1368 1401 1442 βουλο-

832 1475 931 1551 μένων,
947 1475 997 1552 οῖιχ
1010 1476 1070 1556 θτῄ
1083 1474 1164 1533 πόλει
1177 1475 1302 1553 συμφέρει
1313 1475 1401 1553 πράτ-

830 1598 894 1636 τειν.
912 1586 1114 1638 monentnrne
1123 1601 1154 1637 se
1163 1581 1241 1657 ipsos
1251 1586 1402 1657 tamquam

830 1686 907 1742 bello
924 1691 1136 1762 persequantur
1152 1684 1359 1744 Athenienses.

875 1781 984 1870 [Demi
1002 1808 1042 1846 or.
1057 1790 1087 1846 X
1101 1793 1139 1846 29
1157 1785 1248 1863 οὺδὲθ)
1267 1784 1400 1860 βουλεύε-

831 1891 891 1950 σθαι
906 1888 968 1970 περὶ
983 1889 1093 1962 οῖιδενδς
1106 1887 1213 1949 εἰώθατ’
1225 1891 1265 1969 ἐφ’
1274 1890 1398 1968 ἡσυχίας.

830 1997 861 2053 id
871 1997 1400 2075 igitu1·,quodutfaeiantinprooemii

829 2102 892 2159 loeo
915 2101 1089 2175 flagitantur
1111 2102 1318 2172 Athenienses,
1342 2121 1400 2158 non

830 2207 927 2263 faeere
940 2206 1080 2263 dicuntur
1095 2207 1125 2262 in
1141 2206 1310 2282 Philippica
1322 2206 1398 2263 IIII.

895 2302 1004 2392 [Dem]
1029 2329 1071 2368 or.
1087 2311 1171 2368 XIII
1195 2314 1234 2367 20
1258 2311 1399 2387 τοιγαροῦν

829 2411 890 2486 ὑμῖν
904 2411 1037 2489 περίεστιν
1051 2412 1082 2470 ἐτι
1093 2413 1192 2470 τούτων
1204 2412 1218 2469 ὁ
1232 2411 1307 2470 δεῖνα
1322 2411 1399 2488 χαλ-

830 2519 894 2586 νιοῦς
913 2515 960 2574 καί
980 2517 994 2573 ὁ
1011 2515 1231 2590 Ξεῐνέθδαίμων,
1254 2509 1292 2585 εἷς
1308 2519 1325 2590 ἡ
1342 2515 1398 2594 δύο,

830 2619 895 2698 ὑπὲρ
911 2621 959 2693 τὴν
974 2619 1067 2677 πόλιν·
1091 2618 1115 2678 οἱ
1132 2619 1155 2678 δ’
1166 2615 1252 2679 σ’ίλλοι
1268 2622 1400 2699 μάρτυρες

829 2731 879 2799 τῆς
886 2723 985 2782 τούτων
995 2723 1168 2799 εὐδαιμονίας
1175 2725 1313 2800 κάθησθε.
1327 2749 1348 2797 .;
1360 2728 1398 2785 ef.

831 2832 920 2888 etiem
940 2833 1026 2888 Dem.
1049 2851 1090 2888 or.
1109 2835 1159 2900 23,
1181 2850 1220 2888 210
1241 2827 1318 2887 αἴτιοι
1340 2826 1364 2885 δ’
1375 2827 1400 2886 οἱ

829 2933 984 2992 τὰτοιαῦτα
998 2935 1149 3011 γράφοντες
1160 2930 1207 2991 καὶ
1219 2932 1399 3003 συνεθίζοντες

830 3039 900 3112 ὑμᾶς
911 3038 986 3112 ὑμῶν
996 3037 1046 3110 μὲν
1056 3038 1142 3096 αὐτῶν
1150 3039 1337 3116 καταφρονεῖν,
1351 3037 1399 3095 ἕνα

831 3141 881 3216 δὴ
899 3140 944 3200 δύο
961 3141 1106 3216 θαυμάζειν
1123 3141 1288 3221 ἀνθρώπους.

897 3241 1006 3330 [Demi
1017 3269 1058 3306 or.
1067 3250 1150 3305 XIII
1163 3253 1201 3306 36
1214 3248 1232 3318 ἢ
1244 3245 1298 3324 γὰρ
1311 3242 1399 3316 ουδεὶς

831 3352 888 3431 ἐρεῖ
899 3350 1000 3430 φαῦλον
1013 3349 1120 3424 οὺδένῆ
1134 3348 1211 3409 οὐδὲν
1225 3347 1296 3427 αὐτῷ
1311 3350 1397 3408 πλέον

830 3456 905 3514 έσται
920 3454 958 3531 μὴ
976 3455 1064 3531 ἔχοντι
1076 3454 1137 3525 τοὺς
1148 3455 1334 3529 πεισομένους.
1358 3456 1396 3514 ef.

829 3563 920 3620 etiam
935 3564 1021 3619 Dein.
1038 3581 1080 3619 or.
1100 3564 1148 3631 15,
1167 3580 1192 3619 ετ
1214 3558 1241 3617 οί
1253 3579 1287 3637 γε
1302 3559 1397 3617 πεισθ-

830 3684 906 3738 μενοι
928 3664 1039 3742 τούτοις,
1065 3665 1103 3734 ὡς
1127 3663 1225 3743 ἔοικεν,
1250 3662 1299 3722 ουκ
1323 3659 1395 3724 εἰσίν.

829 3771 978 3848 aliquanto
991 3776 1089 3828 autem
1101 3772 1165 3846 plus
1182 3771 1277 3827 inesse
1293 3769 1324 3826 in
1335 3766 1398 3838 τοὺς

828 3873 1004 3947 πεισομένους
1020 3894 1108 3952 quam
1123 3875 1154 3930 in
1167 3871 1229 3943 τοὺς
1242 3871 1396 3946 ἀκουσομέ-

801 3969 803 4054 ί
828 3997 890 4048 νους
912 3979 1042 4037 dictione
1064 3998 1150 4035 nemo
1173 3978 1276 4036 nescit.
1318 3977 1397 4035 subit

829 4084 896 4141 ilico
920 4083 1092 4141 memoriam
1116 4082 1296 4153 differentis,
1320 4101 1396 4159 quae

829 4194 873 4245 est
895 4188 975 4244 inter
997 4183 1022 4244 οἱ
1045 4182 1166 4255 εἰπόντες
1188 4179 1344 4267 (λέγοντες)
1366 4191 1396 4242 et

831 4288 854 4349 οἱ
869 4287 1019 4361 πείσαντες.

315 4461 334 4524 ¹)
353 4458 457 4524 περιίητε
476 4463 543 4509 eoni.
558 4461 644 4524 Wolf,
662 4464 759 4526 περιῆτε
778 4461 848 4511 libri.

312 4547 333 4610 ¹)
353 4544 407 4595 οὐδὲ
430 4564 463 4597 m.
483 4563 521 4613 pr.
540 4549 667 4612 seriptum
686 4548 792 4597 videtur
814 4549 842 4596 in
861 4545 880 4594 Σ
898 4546 1046 4608 Vosmelio,
1066 4553 1159 4596 eontra
1182 4541 1238 4612 οὐχὶ
1255 4544 1394 4594 Dindorfio

210 4635 261 4699 (ed.
284 4638 307 4686 3.
331 4637 413 4700 praef.
437 4653 461 4700 p.
485 4635 595 4698 xxm),
618 4651 730 4700 quorum
754 4641 868 4699 uterque
890 4631 962 4698 quod
985 4633 1052 4698 legit
1074 4635 1102 4682 in
1126 4633 1217 4682 codiee
1240 4634 1268 4681 in
1292 4637 1394 4681 textum

208 4725 315 4787 recepit.
352 4722 476 4787 equidem
495 4722 634 4772 Vosmelio
653 4721 732 4772 fidem
752 4722 850 4771 habere
869 4721 968 4770 malim.
