3530 5536
867 517 1061 573 ..2-

370 699 472 788 πται,“)
490 707 631 766 Stobaeus
648 707 774 784 denique
790 707 868 765 Flor.
881 707 974 766 XVII
991 710 1028 764 21
1046 712 1080 764 ut
1095 706 1302 764 Demosthenis
1318 706 1430 764 dictum
1445 706 1556 764 adfert:

372 807 414 868 δεῖ
428 809 473 866 τὸν
486 805 515 867 εὖ
528 811 672 888 φρονοῦντα
682 809 728 867 τὀν
740 808 873 887 λογισμίον
889 807 932 869 αἰεὶ
947 815 1000 869 τῶν
1018 809 1162 884 ἐπιθυμιῶν
1177 807 1289 889 κρείττω
1303 809 1444 888 πειρᾶσθαι
1459 810 1556 888 ποιεῖν,

371 916 449 992 quod
464 915 574 990 legitur
588 935 632 991 pr.
648 919 697 986 28,
716 919 733 971 2
753 909 794 996 (p.
811 920 902 988 1438,
919 921 956 974 11
971 909 1040 996 11,).

473 1021 555 1078 Haec
574 1018 668 1093 igitur
681 1024 817 1078 veterum
837 1027 881 1078 est
896 1021 985 1092 ratio,
1007 1021 1066 1078 iam
1080 1020 1233 1080 veniamus
1249 1020 1285 1076 ad
1306 1019 1493 1078 recentiores.
1514 1023 1557 1076 at-

370 1144 427 1201 que
446 1123 558 1199 primus
574 1122 694 1200 quidem
710 1124 749 1181 Η.
762 1125 845 1181 Wolf
857 1125 889 1182 in
906 1126 951 1182 ed.
968 1124 1057 1182 Basil.
1073 1125 1091 1182 I
1109 1127 1168 1182 130
1185 1145 1228 1201 sq.
1246 1125 1282 1181 111
1302 1144 1338 1182 11
1356 1144 1389 1182 11
1404 1123 1556 1184 verbosius

370 1248 457 1306 quam
473 1227 608 1286 subtilius
625 1227 796 1304 disputavit.
812 1248 880 1286 nam
892 1228 1099 1287 Demosthenis
1115 1227 1377 1287 exercitationibus
1388 1228 1557 1286 meditatio-

369 1332 513 1408 nibusque
532 1333 692 1389 secundum
707 1329 929 1404 Plutarchum²l
951 1333 1087 1404 laudatis,
1109 1333 1258 1391 Ciceronis
1278 1332 1386 1390 deinde
1406 1332 1557 1392 volumine

369 1435 584 1512 prooemiorum
594 1428 620 1516 3)
647 1436 795 1512 proposito
822 1442 911 1514 atque
933 1437 1039 1494 adlatis
1061 1437 1193 1494 Platonis
1215 1437 1247 1494 in
1270 1439 1435 1494 Menexeno
1458 1437 1556 1496 verbis

370 1534 435 1595 εἰσὶν
456 1533 579 1608 ἑκάστοις
598 1541 652 1596 τῶν
673 1537 794 1618 ῥητόρων
813 1536 894 1616 λόγοι
913 1539 1164 1618 παρεσκευασμένοι
1183 1542 1220 1598 ad
1237 1540 1376 1612 studium,
1394 1541 1473 1618 quod
1488 1559 1555 1598 con-

368 1644 530 1704 locaverint
553 1649 682 1703 oratores
704 1645 820 1723 antiqui
842 1645 873 1703 in
895 1646 1027 1704 exordiis
1051 1645 1272 1721 componendis,
1296 1664 1455 1722 provocans
1478 1644 1557 1702 nihil

368 1767 471 1806 causae
491 1749 547 1807 sibi
567 1769 630 1807 esse
644 1749 742 1809 videri
762 1750 907 1822 adfirmat,
932 1751 1068 1809 curaliis
1089 1771 1177 1828 quam
1192 1749 1386 1808 Demostheni
1406 1749 1557 1826 prooemia

368 1853 582 1924 adscribantur3
604 1853 685 1912 idem
699 1875 770 1915 vero
789 1857 875 1931 paulo
894 1855 974 1913 infra
993 1874 1060 1914 cum
1079 1854 1269 1931 simplicitate
1284 1855 1410 1932 quadam
1428 1860 1459 1911 et
1479 1853 1556 1910 anti-

368 1957 497 2035 quitate:
518 1956 586 2016 ‘Sed
606 1957 728 2034 parum',
745 1959 854 2037 inquit,
869 1957 971 2018 ‘refert
986 1959 1051 2037 quis
1067 1960 1106 2017 sit
1121 1959 1185 2020 sive
1204 1964 1305 2018 auctor
1324 1959 1388 2020 sive
1408 1959 1555 2029 collector,

367 2063 453 2120 modo
472 2062 569 2139 ipsum
589 2082 670 2138 opus,
694 2068 727 2121 ut
749 2068 828 2122 certe
851 2068 904 2136 est,
928 2064 1004 2122 utile
1023 2064 1063 2122 sit
1082 2069 1112 2122 et
1131 2062 1267 2139 elegans'.
1290 2062 1390 2121 Wolfii
1410 2063 1557 2120 rationem

367 2166 453 2225 multi
466 2167 574 2224 deinde
586 2169 782 2243 capessebant,
794 2168 826 2225 in
838 2168 886 2225 his
897 2161 1090 2249 Fabricius,⁴)
1104 2168 1154 2246 qui
1166 2167 1317 2244 prooemia
1327 2187 1344 2224 a
1355 2168 1556 2224 Demosthene

367 2290 420 2356 per
440 2271 534 2328 otium
552 2272 700 2330 elaborata
719 2291 781 2329 esse
802 2272 884 2343 dicit,
906 2273 1013 2350 quibus
1022 2273 1059 2330 ,111
1075 2277 1207 2349 tempore
1226 2276 1370 2330 uteretur.
1380 2263 1404 2351 ⁵)
1427 2270 1475 2328 cui
1491 2291 1555 2328 sen-

367 2374 479 2433 tentiae
493 2375 594 2433 favere
609 2377 731 2451 putabat
750 2376 790 2434 H.
807 2371 981 2456 8111111116)
1007 2395 1056 2434 eos
1075 2378 1162 2447 locos,
1187 2375 1293 2452 quibus
1312 2372 1326 2430 ὁ
1347 2371 1423 2430 δεῖνα
1445 2373 1556 2448 legitur

367 2533 398 2577 ut
415 2527 485 2577 infra
503 2529 653 2577 accuratius
672 2542 811 2593 exponam,
830 2528 864 2580 de
877 2530 923 2591 eis,
937 2530 991 2594 qui,
1009 2543 1044 2578 ne
1062 2529 1113 2593 ipsi
1132 2542 1231 2594 poenas
1250 2527 1398 2576 facinorum
1416 2527 1445 2575 in
1464 2540 1492 2576 se
1510 2525 1555 2576 ad-

367 2615 507 2664 missorum
519 2614 681 2679 persolvant,
694 2614 761 2664 11111
774 2614 978 2664 calumniantur.
993 2615 1064 2680 quod
1076 2629 1139 2664 vero
1153 2615 1243 2665 odiose
1256 2629 1284 2668 se
1297 2615 1434 2678 excipiunt
1446 2630 1471 2678 p.
1480 2614 1555 2676 1468,

367 2702 401 2750 24
419 2697 537 2766 λοιδορία,
555 2718 580 2766 p.
593 2703 666 2762 1459,
688 2704 701 2750 l
721 2698 854 2767 λοιδορίας,
872 2701 907 2751 ib.
917 2703 934 2750 4
946 2698 1075 2768 λοιδορίαι,
1087 2701 1122 2751 ib.
1133 2702 1148 2750 ’ί
1161 2697 1314 2766 λοιδορεῖται,
1327 2714 1408 2764 quam
1425 2714 1482 2749 rem
1500 2715 1556 2748 non

367 2788 463 2852 pressit
481 2787 658 2852 Valckenaer,
682 2787 736 2838 alia
759 2793 798 2837 est
816 2802 865 2838 res.
890 2802 960 2852 quae
979 2804 1039 2838 cum
1058 2790 1096 2838 111
1113 2789 1174 2850 sint,
1197 2787 1322 2852 equidem
1338 2787 1441 2837 Valesii
1458 2787 1556 2836 rationi

367 2875 455 2939 potius
465 2873 601 2924 adsentior
610 2875 649 2924 ita
658 2874 773 2940 quidem,
784 2880 815 2924 ut
825 2870 972 2941 ἀρρωστίας,
989 2875 1061 2940 quod
1071 2880 1143 2925 recte
1153 2890 1181 2925 se
1191 2875 1290 2924 habere
1301 2889 1349 2924 suo
1360 2873 1419 2923 loco
1429 2873 1556 2924 Schaefer

367 2961 446 3024 vidit,
464 2962 587 3026 primitus
605 2962 723 3026 positum
744 2961 825 3011 fuisse
846 2967 952 3026 putem,
974 2956 1095 3027 ὀρρωδίας
1117 2967 1207 3011 autem
1228 2977 1275 3026 pro
1297 2960 1414 3011 lectione
1432 2961 1555 3010 variante

366 3047 480 3098 habeam
494 3049 590 3098 aetatis
602 3047 742 3110 inferioris,
760 3063 839 3113 quam
852 3047 995 3097 lectionem
1008 3048 1037 3096 in
1050 3047 1173 3112 exemplo
1186 3063 1233 3097 suo
1244 3048 1439 3113 Harpocration
1451 3047 1555 3096 invenit

367 3139 394 3184 et
411 3149 496 3199 usque
513 3133 547 3184 ad
565 3135 634 3183 hanc
651 3140 767 3184 aetatem
780 3136 892 3184 retinuit
905 3131 931 3197 Υ,
945 3135 1066 3184 codicum
1083 3134 1202 3185 familiae
1219 3137 1319 3185 mixtae
1337 3135 1398 3184 dux.
1424 3140 1451 3184 et
1462 3135 1555 3184 inveni

367 3236 425 3272 eam
435 3221 671 3272 inVindobonensi
680 3224 696 3270 4
704 3221 781 3287 (GV),
791 3237 870 3286 quem
881 3237 914 3272 ex
924 3222 1018 3272 eodem
1028 3217 1247 3287 atqueffluxisse
1257 3222 1332 3272 fonte
1342 3221 1554 3272 statuitvoemel

367 3308 433 3374 (not.
444 3309 519 3360 codd.
530 3326 556 3374 p.
567 3309 637 3373 290).
1243 3318 1246 3324 “

472 3393 491 3460 1)
506 3395 584 3457 Quod
596 3409 684 3460 neque
701 3396 788 3460 ipsun
804 3397 926 3445 invenias
943 3397 972 3444 in
983 3397 1133 3460 prooemiis.
1156 3395 1255 3462 legitur
1267 3395 1341 3445 libris
1353 3395 1434 3461 plane
1444 3410 1553 3445 consen·

366 3483 494 3534 tientibus
508 3479 744 3548 ἀπαρασκτυοτέρους
758 3484 870 3547 parat
885 3481 919 3549 (p.
932 3485 1006 3547 1453,
1017 3484 1052 3548 2).
1071 3485 1163 3550 itaque
1182 3479 1394 3549 ἀπαρασκεύαστος
1412 3482 1524 3532 formam
1538 3497 1554 3532 a

366 3570 481 3640 librariis
504 3571 652 3635 antiquitus
675 3570 754 3620 alteri
776 3571 946 3620 substitutam
971 3585 1028 3620 esse
1056 3573 1206 3637 suspicatus
1233 3577 1274 3622 est
1295 3571 1325 3621 L.
1344 3570 1462 3620 Dindorf
1486 3571 1552 3620 Xen.

366 3657 456 3723 Gyrip.
470 3657 510 3706 ed.
524 3657 609 3707 Oxon.
629 3657 710 3723 praef.
725 3675 749 3722 p.
763 3658 788 3723 X
807 3662 834 3708 et
851 3657 993 3720 1111112,
1013 3675 1037 3724 p.
1054 3661 1128 3708 1191.

470 3743 746 3808 emnama
879 3725 881 3730 '

470 3829 491 3894 ³)
510 3829 566 3880 Cic.
579 3830 613 3880 ad
624 3830 679 3880 Att.
692 3831 756 3880 XVI
773 3833 797 3894 a,
810 3832 834 3880 4.
853 3833 944 3896 inepte
962 3837 1052 3882 autem
1065 3831 1142 3882 Wolf
1162 3848 1210 3882 nos
1228 3831 1330 3897 relegat
1348 3831 1382 3881 ad
1399 3831 1461 3881 fam.
1475 3829 1554 3880 VIIII

368 3917 408 3980 18,
427 3918 456 3980 33
479 3917 543 3966 hinc
562 3918 634 3967 enim
652 3918 705 3967 nisi
723 3918 756 3967 ad
775 3919 979 3968 exercitationes
997 3918 1071 3968 Tulli
1090 3899 1298 3984 comprobandas
1320 3918 1386 3968 nihil
1409 3916 1553 3984 proficitur.

469 4002 490 4069 ⁴)
509 4003 578 4053 Bibl.
598 4003 692 4054 Graec.
710 4004 859 4070 Hamburg.
879 4007 953 4066 1791,
972 4005 1024 4054 vol.
1038 4005 1065 4054 II
1083 4005 1141 4055 825.

469 4088 490 4155 5)
509 4090 548 4140 cf.
568 4092 648 4140 etiam
666 4091 738 4144 Phil.
750 4091 809 4140 Jac.
822 4092 990 4142 Maussacum
1009 4091 1120 4158 (aduott.
1139 4092 1173 4141 ad
1195 4093 1324 4158 Harpocr.
1343 4091 1469 4158 antelog,
1487 4092 1552 4142 Lex.

365 4179 394 4226 in
406 4177 432 4226 X
444 4193 481 4226 or.
494 4177 549 4227 Att.
563 4192 596 4227 ex
608 4193 660 4227 rec.
674 4177 706 4228 G.
718 4177 851 4227 Dindorfii
869 4178 896 4228 11
913 4196 939 4244 p.
952 4177 1015 4245 111),
1034 4179 1081 4243 qui
1097 4179 1188 4243 inepte
1200 4179 1274 4229 addit
1285 4179 1494 4229 Demosthenem
1512 4179 1554 4228 his

365 4264 507 4330 prooemiis
519 4265 577 4314 sine
591 4263 670 4314 dubio
683 4279 761 4314 usum
774 4279 840 4327 esse,
859 4281 920 4315 cum
937 4279 984 4330 per
996 4266 1124 4329 temporis
1142 4267 1280 4331 angustias
1298 4281 1353 4315 non
1371 4265 1465 4316 liceret
1483 4279 1554 4314 nova

365 4365 525 4416 componere
544 4356 571 4400 et
590 4365 622 4400 ex
640 4356 760 4416 tempore
779 4351 921 4402 dicendum
941 4357 1019 4402 esset.
1049 4353 1226 4403 Demostheni
1248 4354 1384 4419 prooemia
1406 4355 1487 4403 etiam
1506 4353 1553 4403 tri-

365 4439 424 4488 buit
442 4437 611 4488 Schoemaun
629 4453 694 4488 com.
714 4439 813 4489 Athen.
832 4456 856 4504 p.
871 4439 920 4488 305
940 4455 977 4503 sq.
997 4439 1030 4488 de
1048 4455 1087 4505 pr.
1105 4440 1147 4488 54.
1166 4440 1311 4505 disputans.

469 4523 489 4588 6)
508 4524 575 4590 App.
587 4524 612 4574 V
625 4526 674 4574 693
693 4525 727 4575 ad
745 4542 768 4590 p.
785 4526 914 4588 1443,11,
931 4521 1030 4574 ubi‘in
1049 4525 1218 4576 contionibus
1231 4526 1306 4592 vulgi
1324 4531 1379 4576 tam
1398 4525 1503 4575 mobilis
1521 4541 1553 4576 11

365 4611 496 4662 fastidiosi
513 4611 658 4677 plurimum
676 4608 839 4662 interfuisse'
858 4611 930 4676 dicit,
950 4608 989 4660 ‘ut
1012 4627 1090 4662 orans
1113 4628 1227 4664 coronae
1250 4627 1328 4663 aures
1351 4612 1459 4662 exordio
1477 4613 1553 4678 gravi

365 4697 566 4764 ponderosoque
578 4704 729 4765 occuparet,
749 4712 864 4763 eumque
884 4703 1024 4762 oratorem,
1043 4701 1089 4764 qui
1108 4701 1238 4750 eiusmodi
1251 4699 1359 4750 exordia
1371 4699 1442 4748 domi
1459 4704 1553 4764 parata

365 4783 482 4848 haberet,
501 4788 660 4851 tempestive
678 4787 847 4837 recordatum
865 4785 1010 4851 plurimum
1028 4786 1157 4862 preficere
1175 4786 1310 4853 potuisse’.
