3530 5536
820 505 1031 558 ..7ss-

335 731 341 744 .
364 732 370 744 .
393 687 573 758 συνεθίζοντες
596 688 665 762 ὑμᾶς
688 687 752 747 ἀνευ
774 685 899 765 κρίσεως,
954 686 1042 748 ..καὶ
1054 693 1241 768 κατηγορῶσιν
1255 687 1337 762 αὐτοί,
1355 688 1392 762 μὴ
1410 683 1518 768 &iau-2²)

334 792 404 850 ὅσων
420 789 485 850 είσίν
502 790 580 850 αἴτιοι
595 797 698 866 κακῶν,
720 792 835 867 ἀκούειν,
856 791 900 850 ἵνα
954 792 1033 850 δῶσιν
1049 786 1086 850 ὧν
1102 795 1204 850 ποιοῦσι
1218 795 1272 851 νῦν.

334 940 355 956 ..
364 896 506 975 πραοτεροι
518 894 640 954 δικασταὶ
649 894 695 954 καὶ
704 894 791 974 κριταί
799 895 900 973 γίγνη-

333 997 441 1059 σθετῶν
454 1001 653 1078 πεπραγμένων
667 1000 764 1078 αὐτοῖς,
774 1023 817 1078 pr.
829 1007 901 1073 aaa

333 1102 420 1174 ουδεὶς
433 1102 519 1162 αῖιτῶν
536 1105 630 1182 ἅτερος
640 1100 663 1186 ¹)
682 1105 786 1183 θατέρῳ
802 1103 899 1163 λοιὲο-
926 1099 929 1182 ί

332 1210 426 1287 ρεῖται,
448 1207 493 1267 ἵνα
516 1206 623 1280 βέλτιόν
646 1227 669 1266 τι
689 1207 742 1266 τῶν
763 1208 900 1288 ὑμετέρων

331 1312 471 1390 γίγνηται·
490 1357 497 1373 .
522 1358 529 1373 .
556 1311 691 1390 ἀλλ’ἵνα,
716 1314 733 1370 ἀ
754 1311 800 1370 τον
823 1311 899 1370 δεῖνά

332 1413 426 1498 coest)
448 1419 574 1476 ποιοῦντα
650 1415 781 1475 δεινότατ’
792 1409 898 1495 ἀνθρώ-

331 1541 388 1578 πων
400 1523 495 1599 ποιεῖν,
512 1521 583 1580 ταῦτ’
594 1522 673 1592 αυτὸς
689 1519 759 1594 μετὰ
771 1518 900 1591 πλείονος

330 1622 446 1701 ἡσυχίας
463 1623 665 1704 διαπράττηται.
694 1628 730 1684 cf.
748 1632 900 1702 praetereo

331 1753 358 1806 p.
378 1735 440 1788 150
456 1751 498 1808 sq.

330 1835 413 1911 atqui
429 1836 515 1893 alteri
531 1835 606 1894 vitio
621 1841 740 1896 vortere
756 1835 878 1912 aliquid,
901 1854 958 1911 quo
980 1835 1041 1910 ipsc
1061 1834 1137 1893 liber
1152 1853 1210 1891 non
1226 1834 1274 1904 sis,
1296 1835 1327 1891 in
1343 1835 1521 1910 turpissimis

330 1942 416 1997 rebus
431 1941 598 1998 hubaudum
614 1945 671 1998 est:

395 2063 438 2119 pr.
458 2049 506 2114 31,
524 2063 535 2101 1
556 2041 645 2100 Οῖιδέν
662 2041 740 2120 ἐστιν,
762 2035 827 2099 ὧά.
847 2041 897 2118 Ἀ,
1016 2043 1106 2099 Isocr.
1120 2061 1162 2099 οι.
1179 2046 1227 2112 15,
1246 2063 1270 2099 ιι
1283 2043 1388 2098 πάντων
1401 2042 1520 2118 ἡγοῦμαι

330 2145 527 2224 χαλεπώτερον
539 2149 557 2220 ἢ
569 2150 625 2218 τοῖς
639 2146 728 2217 αυτοῖς
741 2147 825 2204 ἔθεσιν
837 2145 896 2205 ἐπι·
952 2146 1150 2221 πονηροτάτους
1168 2138 1235 2203 εῖναι
1251 2142 1298 2202 καί
1318 2145 1448 2222 μεγίστης
1468 2147 1519 2222 ζη-

330 2255 409 2322 τιμοῖν
429 2271 459 2310 τε
479 2248 525 2308 καὶ
546 2252 664 2329 χρῆσθαι
685 2250 746 2318 τοὺς
770 2249 896 2328 δημηγο-
953 2246 1016 2321 μίας
1034 2243 1135 2326 ἀξίους,
1156 2247 1251 2318 οίτινες
1267 2240 1308 2319 οἷς
1324 2247 1397 2308 αὐτοὶ
1412 2253 1518 2326 τυγχά-

331 2358 450 2434 ροῶντας.
923 2351 925 2432 ί
951 2373 1037 2410 νουσιν
1055 2351 1129 2421 ’ὄντες
1146 2353 1247 2432 ἔνοχοι,
1262 2357 1346 2412 ταῦτα
1356 2360 1410 2413 τῶν
1422 2355 1519 2414 σίλλων

950 2455 1073 2530 τολμῶσι
1101 2459 1273 2536 κατηγορεῖν,
1301 2461 1373 2519 ibid.
1395 2459 1410 2538 ἓ
1436 2467 1472 2520 19
1502 2463 1520 2519 οἳ

950 2561 1101 2639 φυλακτέον
1129 2560 1212 2640 ἐστίν,
1243 2563 1318 2633 ὅπως
1345 2561 1431 2639 μηδὲν
1458 2562 1517 2637 ὑμῖν

951 2663 1117 2738 συμβήσεται
1125 2669 1242 2725 τοιοῦτον
1252 2665 1340 2741 μηδ’σῖ
1351 2669 1406 2738 τοῖς
1419 2666 1518 2739 σίλλοις

951 2773 983 2828 ἀν
1005 2770 1197 2851 ἐπιτιμήσαιτε,
1218 2772 1320 2842 τούτοις
1341 2770 1414 2832 αὐτοὶ
1429 2775 1517 2851 φανη-

951 2875 1028 2934 σεσθε
1037 2874 1249 2955 περιπίπτοντες.
1267 2878 1417 2936 aeiamor.
1430 2885 1478 2950 18,
1492 2899 1518 2938 ευ

951 2983 1030 3040 idem
1046 2984 1119 3040 haec
1135 2983 1266 3040 dixerat:
1285 2980 1373 3041 καίτοι
1387 2989 1446 3053 πῶς
1462 2974 1516 3042 οἷον

950 3085 973 3143 τ’
984 3082 1052 3143 ἐστὶν
1074 3085 1171 3165 ἐτέρων
1191 3088 1363 3166 κατηγορεῖν,
1385 3080 1424 3158 οἷς
1440 3088 1517 3158 αυτὸς

950 3210 989 3260 τις
1006 3190 1101 3266 ἔνοχος
1118 3189 1201 3268 ἐστιν,

329 3297 405 3353 adde
417 3298 494 3373 quod
508 3296 581 3354 istae
593 3296 735 3353 factiones
749 3302 926 3372 mutuaeque
939 3304 1024 3354 extra
1038 3298 1180 3355 iudicium
1192 3299 1390 3356 accusationes
1402 3301 1516 3359 civitati

329 3400 437 3457 mirum
454 3406 595 3477 quantum
612 3400 789 3458 calamitatis
805 3401 951 3458 inferunt:

394 3525 437 3580 pr.
456 3508 505 3575 31,
523 3524 534 3561 1
550 3503 579 3560 το
595 3501 648 3580 γὰρ
664 3503 813 3572 στασιάζειν
828 3504 896 3582 προς
920 3499 923 3584 ί
1014 3508 1099 3564 Dem.
1116 3526 1158 3563 or.
1177 3512 1205 3576 4,
1222 3526 1248 3563 44
1266 3507 1298 3562 ἀν
1315 3506 1406 3579 μέντοι
1422 3501 1516 3564 καθῶ-

331 3605 424 3677 αὑτσάς
440 3603 485 3664 καὶ
501 3609 663 3686 κατηγορεῖν
680 3606 816 3680 ἀλλήλων
834 3608 895 3665 ἀνευ
950 3608 1010 3682 μεθ’
1026 3608 1094 3667 σίκοι
1125 3607 1342 3687 λοιδορουμένων
1373 3609 1518 3682 ἀκούοντες

329 3709 444 3789 κρίσεως
464 3709 552 3781 οὐδείς
572 3711 640 3769 ἐστιν
661 3711 745 3781 οὕτως
760 3699 895 3788 ἀγνώμων
948 3710 995 3771 καὶ
1011 3711 1177 3786 αἰτιωμένων
1192 3707 1337 3786 ἀλλήλους
1348 3711 1401 3771 τῶν
1413 3714 1516 3793 λεγόν-

331 3817 401 3885 έστις
417 3817 446 3874 οὺ
462 3818 569 3893 ρησειεν
581 3818 613 3873 ἀν
630 3815 738 3890 βλάβην
756 3809 825 3874 εἶναι
841 3818 896 3887 τοῖς
948 3836 1011 3895 των,
1025 3815 1231 3875 ουδέποτόυδὲν
1245 3817 1308 3892 ἡμῖν
1322 3813 1392 3899 pub)
1406 3819 1517 3895 γένηται

329 3922 492 3999 πράγμασιν.
525 3923 562 3980 cf.
580 3944 607 3998 p.
627 3926 690 3979 150
706 3943 748 3999 sq.
949 3926 1003 3979 τῶν
1019 3920 1144 3981 δεόντων.

330 4027 431 4103 itaque
451 4031 545 4084 totum
565 4028 629 4084 fere
649 4009 833 4102 procamium
851 4032 890 4084 20
912 4047 946 4084 eo
967 4029 1105 4098 refertur,
1127 4033 1160 4084 ut
1180 4027 1291 4084 iustum
1311 4033 1341 4085 et
1361 4028 1435 4086 utile
1455 4049 1518 4086 esse

331 4130 447 4187 dicatur
462 4131 587 4188 crimina
607 4137 637 4188 et
657 4131 866 4203 accusationes,
888 4151 954 4189 cum
971 4132 1194 4190 deliberandum
1210 4131 1258 4202 sit,
1279 4131 1416 4189 omittere
1432 4138 1462 4190 et
1482 4135 1518 4190 de

435 4336 455 4400 ¹)
475 4331 557 4402 ἅτερος
577 4331 627 4384 ΥΩ
646 4353 710 4386 corr.
729 4353 755 4399 ν,
775 4333 871 4403 θάτερος
891 4335 909 4384 Σ
928 4335 1001 4401 vulg,

435 4423 454 4487 ²)
473 4438 532 4488 φησι
550 4422 676 4473 Schaefer
694 4425 711 4487 †
729 4425 847 4473 restituit
867 4438 900 4472 ex
918 4422 1046 4472 librorum
1066 4425 1197 4489 scriptura
1216 4439 1282 4487 φασι.

433 4510 454 4574 ⁵)
473 4511 514 4559 Ita
527 4507 545 4557 Σ
559 4510 620 4559 etL
638 4510 689 4560 soli
702 4512 806 4560 omissis
825 4506 866 4577 μέν
887 4515 913 4559 et
932 4506 957 4558 δὲ
975 4509 1122 4575 particulis,
1141 4525 1210 4574 quae
1228 4511 1267 4559 sic
1284 4509 1418 4560 adduntur
1431 4509 1517 4575 vulg.:

330 4596 485 4663 κατηγορῶσι
504 4593 546 4664 μὲν
565 4593 640 4658 αὐτοί,
660 4593 692 4664 μὴ
712 4595 780 4660 δίκην
799 4593 832 4646 δέ.

432 4683 453 4748 b)
473 4680 500 4732 οὐ
525 4680 557 4748 μὴ
581 4684 663 4749 vulg,
687 4681 714 4732 οὖ
738 4701 789 4734 om.
808 4700 846 4748 pr.
866 4681 895 4747 Σ,
916 4690 989 4734 reete
1012 4689 1043 4733 ut
1065 4683 1184 4744 videtum
1209 4684 1241 4733 cf.
1261 4699 1331 4748 quaa
1349 4683 1461 4734 Vocmel
1484 4683 1519 4732 ad

330 4771 356 4820 h.
375 4769 392 4820 l.
412 4771 558 4820 adnotavit.
