3530 5536
865 487 1084 561 -4ο-’

376 695 505 773 primere
519 695 624 758 voluit.
642 694 732 773 quid?
749 696 826 772 quod
839 695 964 753 detectis
977 695 1134 766 erroribus,
1152 715 1224 773 quos
1236 700 1287 752 aut
1299 715 1337 752 ex
1348 693 1448 771 aliquo
1459 711 1569 751 memo-

375 800 438 857 riae
449 799 524 860 vitio
536 806 587 858 aut
599 800 710 858 acriore
723 800 849 878 quadam
860 799 995 857 mutandi
1008 799 1170 875 cupiditate
1184 799 1328 874 originem
1341 798 1460 856 duxisse
1471 802 1567 874 putes,

376 905 470 962 omnis
492 905 647 963 dubitandi
668 924 754 962 causa
774 905 900 962 tollitur.
924 903 1125 961 firmissimum
1146 905 1225 962 enim
1244 905 1301 961 hoc
1321 902 1432 960 adferri
1447 901 1570 961 videtur

375 1015 590 1088 argumentum,
601 1028 653 1067 cur
664 1010 802 1068 binorum
814 1011 943 1067 locorum
951 1010 1077 1066 alterum
1089 1008 1291 1085 posteriorem,
1302 1008 1427 1066 alterum
1439 1006 1569 1082 priorem

375 1134 437 1173 esse
453 1115 614 1173 credamus.
631 1113 804 1192 priusquam
815 1133 886 1174 vero
902 1114 943 1186 id,
961 1115 1037 1191 quod
1050 1114 1232 1190 propositum
1245 1118 1298 1184 est,
1312 1112 1459 1187 attingere
1471 1131 1568 1184 conor,

374 1219 502 1294 ingenue
518 1223 659 1296 grateque
674 1218 816 1276 confiteor
829 1239 877 1276 me
892 1218 923 1275 in
939 1219 994 1275 hac
1009 1217 1073 1293 ipsa
1089 1217 1297 1294 disputationis
1313 1222 1396 1293 parte
1408 1217 1569 1293 plurimum

374 1324 481 1382 debere
497 1321 636 1397 magistro
652 1323 764 1399 optimo
780 1322 926 1381 Guilelmo
943 1324 978 1379 ab
994 1323 1109 1392 Hartcl,
1135 1321 1188 1399 qui
1204 1327 1314 1398 quanta
1329 1326 1373 1378 est
1389 1326 1419 1378 et
1434 1320 1569 1378 doctrina

374 1431 405 1484 et
419 1426 607 1498 liberalitate,
625 1432 735 1486 certem
750 1427 782 1485 in
797 1427 932 1504 plurimis
944 1426 1025 1486 viam
1036 1431 1126 1505 atque
1138 1427 1292 1497 rationem,
1309 1445 1368 1503 qua
1379 1425 1568 1484 verisimilia

373 1531 554 1606 investigare
574 1536 605 1589 et
624 1531 763 1610 consequi
783 1551 907 1608 possem,
932 1531 1056 1590 comiter
1071 1531 1147 1588 mihi
1163 1531 1348 1591 monstravit.
1371 1531 1419 1587 his
1434 1548 1567 1606 praemo-

373 1635 444 1694 nitis
460 1637 496 1693 ad
508 1637 585 1694 locos
600 1635 678 1712 ipsos
694 1636 883 1713 explicandos
899 1635 1064 1712 adgrediar.

954 1891 981 1956 I.

516 2047 569 2114 llo
585 2047 692 2131 locis,
709 2047 773 2131 qul
789 2048 914 2114 verbls
930 2048 968 2115 ot
984 2047 1182 2114 sententiis
1198 2046 1424 2130 congruunt.

373 2229 505 2285 Horum
520 2246 644 2301 agmen
656 2246 696 2285 ea
708 2227 889 2303 prooemia
901 2229 1041 2299 ducant,
1058 2229 1263 2306 quaeplane
1275 2228 1352 2285 fere
1364 2231 1567 2301 congruunt

475 2350 550 2388 cum
565 2331 728 2389 exordiis
744 2331 950 2390 orationum
965 2352 982 2390 a
996 2333 1240 2390 Demosthene
1256 2331 1466 2389 habitarum.

436 2473 480 2528 pr.
496 2457 529 2510 3:
543 2447 613 2509 Ἀντί
626 2448 741 2509 πολλῶν
753 2445 796 2526 σίν,
810 2447 833 2510 ὦ
845 2451 872 2511 σ’ί.
886 2451 939 2533 'A.‚
1059 2474 1100 2512 or.
1117 2455 1134 2511 I
1152 2459 1167 2512 1
1186 2449 1257 2510 Ἀντί
1272 2450 1387 2510 πολλῶν
1404 2448 1480 2532 oluff)
1496 2447 1519 2510 ὦ
1536 2451 1563 2512 σ’ί.

371 2557 521 2634 χρημάτων
529 2552 555 2637 1)
567 2555 597 2614 τδ
610 2555 718 2629 μέλλον
731 2555 858 2614 συνοίσειν
867 2553 940 2637 ὑμῖν
994 2557 1042 2636 ‘A.,
1058 2553 1209 2634 χρημάτων
1226 2556 1296 2630 ὑμᾶς
1313 2556 1425 2615 ἑλέσθαι
1435 2550 1564 2637 νομίζω,

370 2656 431 2736 περὶ
443 2652 480 2717 ὧν
491 2656 546 2718 νυνί
558 2660 724 2741 τυγχάνετε
737 2665 937 2738 σκοποῦντες,
992 2658 1022 2722 εἰ
1035 2661 1171 2745 φανερὸν
1185 2655 1308 2742 γένοιτο
1323 2661 1353 2719 το
1370 2659 1477 2735 μέλλον
1499 2679 1564 2718 συν-

371 2751 461 2844 οίμαι
469 2764 593 2839 πάντας
600 2762 639 2826 dv
645 2763 669 2839 ²)
679 2763 750 2838 ὑμᾶς
760 2764 881 2826 ἑλέσθαι.
894 2765 939 2824 ὅτε
993 2765 1075 2825 οίσειν
1086 2771 1125 2849 τῇ
1136 2763 1230 2828 πόλει
1238 2763 1299 2844 περὶ
1309 2759 1346 2824 ὧν
1358 2761 1413 2822 νυνί
1425 2765 1563 2825 σκοπεῖτε.

370 2865 456 2924 τοίνυν
465 2867 627 2938 τοῦθ’σύτως
636 2868 706 2947 ἔχει,
715 2871 938 2952 προσήκειπαρ-
992 2870 1037 2929 ὅτε
1053 2869 1140 2929 τοίνυν
1155 2869 1323 2939 τούύόύτως
1343 2868 1412 2947 ἔχει,
1432 2870 1564 2948 προσήκει

370 2966 453 3049 ε’χειν
471 2966 644 3048 ἐθέλοντας
664 2973 770 3032 ἀκούειν
785 2971 866 3056 ὑμᾶς
881 2975 938 3036 αύ-
991 2973 1170 3058 προθύμως
1181 2969 1307 3037 ἐθέλειν
1316 2973 1423 3032 ἀκούειν
1432 2977 1484 3030 τῶν
1495 2972 1562 3048 βον-

370 3077 443 3151 τοδς
461 3081 514 3134 τῶν
535 3075 710 3152 βουλομένων
732 3078 937 3154 συμβουλεύειν.
992 3077 1118 3153 λομένων
1134 3078 1337 3153 συμβουλεύειν.
1355 3078 1384 3137 ού
1399 3077 1452 3157 γὰρ
1469 3079 1562 3156 μόνον,

371 3179 401 3238 ού
416 3179 471 3258 γὰρ
488 3181 579 3259 μόνον,
601 3180 628 3240 εί
639 3201 663 3240 τι
682 3184 817 3260 χρήσιμον
834 3183 938 3258 ἑσκεμ-
993 3181 1020 3241 εί
1036 3203 1060 3242 τι
1079 3185 1212 3261 χρήσιμον
1236 3183 1406 3258 ἐσκεμμένος
1428 3183 1491 3256 ἥκει
1511 3201 1561 3259 τις,

371 3284 522 3358 μένοςῆκει
530 3306 579 3362 τις,
592 3286 662 3345 τοῦτ’
669 3288 700 3344 ἂν
709 3285 938 3359 οἰκούσαντεςλοί-
963 3287 966 3380 l
992 3288 1061 3348 τοῦτ’
1071 3288 1103 3347 ἂν
1117 3287 1280 3359 ἀκούσαντες
1291 3286 1416 3366 λάβοιτε,
1430 3283 1562 3346 ἀλλὰκαὶ

371 3387 454 3467 βοιτε,
475 3389 553 3448 ἀλλὰ
572 3388 618 3449 καί
637 3395 689 3466 τῆς
708 3390 840 3470 ὑμετέρας
854 3393 939 3469 τύχης
964 3389 966 3468 l
991 3398 1040 3468 τῆς
1052 3393 1184 3472 ὑμετέροις
1195 3393 1280 3470 τύχης
1291 3391 1480 3466 ὑπολαμβάνω
1487 3389 1562 3449 πολ-

370 3492 557 3568 ύτολαμβάνω
577 3493 674 3554 πολλὰ
692 3500 746 3554 τῶν
767 3494 882 3555 δεόντων
907 3495 940 3554 ἐκ
991 3497 1030 3555 λὰ
1044 3501 1097 3556 τῶν
1114 3496 1230 3556 δεόντων
1246 3497 1279 3554 ἐκ
1294 3499 1339 3556 τού
1358 3495 1518 3575 παραχρῆμ’
1529 3495 1561 3553 ἐ-

368 3602 415 3658 τοῦ
426 3599 586 3678 παραχρῆμ’
594 3598 674 3670 ἐνίοις
685 3597 837 3662 ἐπελθεῖν
848 3599 887 3663 av
895 3598 938 3660 εἰ-
991 3600 1057 3674 νίσις
1072 3600 1111 3663 dv
1125 3598 1278 3664 ἐπελθεῖν
1293 3598 1387 3679 εἰπεῖν,
1404 3601 1468 3658 ὥστ’
1478 3595 1509 3671 ἐξ
1525 3599 1562 3657 ά-

369 3705 439 3782 πεῖν,
455 3704 517 3762 ὥστ’
528 3699 558 3775 ἐξ
574 3705 698 3764 ἁπάντων
720 3703 814 3787 ῥᾳδίαν
829 3705 878 3779 τὴν
892 3708 939 3765 τού
990 3707 1098 3766 πάντων
1122 3705 1216 3787 ῥᾳδίαν
1242 3704 1291 3779 τὴν
1313 3708 1359 3764 τού
1382 3705 1562 3783 συμφέροντος

370 3809 549 3887 συμφέροντος
568 3808 627 3882 ύμῖν
643 3807 745 3889 αἵρεσιν
760 3803 938 3891 γίγνεσθαι,
991 3810 1052 3885 ύμῖν
1069 3809 1170 3890 αἵρεσιν
1184 3805 1346 3891 γενέσθαι.

472 3933 607 3990 Primum
627 3933 814 3991 enuntiatum
834 3934 866 3991 in
886 3953 928 3992 or.
948 3935 974 3991 I.
995 3938 1076 3992 reete
1091 3933 1202 4008 Blassio
1224 3933 1288 4008 (III
1308 3938 1334 4005 1,
1359 3937 1418 3991 286
1441 3934 1508 3990 adn.
1525 3926 1560 4009 4)

369 4036 484 4114 planius
504 4039 590 4094 etad
613 4037 847 4112 intellegendum
868 4037 986 4096 facilius
1005 4057 1069 4096 esse
1088 4037 1210 4098 videtur
1229 4057 1318 4115 quam
1337 4037 1369 4094 in
1390 4057 1435 4114 pr.
1457 4041 1485 4108 3,
1509 4036 1561 4094 ubi

368 4142 448 4199 haud
465 4141 523 4199 scio
539 4161 576 4199 an
589 4141 709 4199 consilio
722 4141 885 4218 simplicius
897 4141 1047 4200 redditum
1060 4142 1107 4214 sit,
1126 4144 1204 4220 quod
1217 4143 1349 4218 pluribus
1362 4143 1492 4220 quidem,
1510 4142 1560 4199 sed

369 4248 461 4303 multo
476 4245 630 4306 venustius
646 4246 820 4304 enuntiatur
834 4247 866 4304 in
882 4266 924 4306 or.
941 4248 983 4318 1.;
1001 4249 1051 4305 sed
1067 4249 1100 4324 τῇ
1116 4245 1197 4304 πόλει
1212 4253 1278 4323 post
1293 4242 1421 4304 συνοίσειν
1436 4246 1486 4304 hio
1502 4265 1561 4303 non

475 4431 493 4497 ¹)
513 4431 557 4482 sie
581 4433 685 4482 omissis
709 4438 770 4499 post
788 4428 922 4501 χρημάτων
946 4434 1033 4484 verbis
1052 4431 1072 4482 εί
1094 4428 1195 4500 φανερὸν
1212 4432 1315 4502 γένοιτο,
1334 4448 1404 4500 quae
1422 4431 1504 4498 vulgo
1523 4432 1560 4483 le·

369 4524 479 4582 guntur,
498 4515 581 4570 ΣΥΦ.
607 4525 726 4570 ceterum
745 4521 861 4570 breviter
874 4521 960 4570 dicam
979 4522 1008 4570 iu
1021 4521 1078 4570 cod.
1091 4517 1118 4584 Σ,
1137 4521 1301 4587 ubicumque
1313 4523 1371 4572 eius
1389 4523 1418 4570 iu
1436 4520 1477 4569 his
1490 4521 1560 4570 uotis

369 4605 445 4655 nulla
463 4605 494 4656 fit
512 4607 622 4668 montio,
642 4621 687 4657 eas
706 4622 772 4673 quas
791 4607 912 4658 dedimus
930 4607 985 4673 legi
1003 4609 1156 4673 scripturas.

473 4693 493 4760 2)
513 4689 550 4753 ἂν,
568 4693 640 4759 quod
659 4699 699 4744 est
717 4695 746 4743 in
764 4691 783 4742 Σ
793 4691 812 4741 Υ
822 4692 851 4753 Ω,
871 4696 970 4744 iniuria
987 4711 1039 4744 om.
1058 4695 1167 4745 Bekker
1185 4701 1212 4745 et
1230 4694 1352 4744 Diudorf.

472 4779 493 4844 ⁰)
512 4777 539 4827 ἂν
558 4795 608 4829 om.
629 4777 655 4829 Σ.
