3530 5536
823 512 1034 564 ..90-

402 714 446 769 pr.
461 698 510 766 24,
528 715 540 754 a
555 697 598 752 νῦν
612 689 746 754 aestiua
761 715 801 773 rs,
818 691 903 775 οἶμαι,
1022 719 1064 756 or.
1085 701 1165 757 XXI
1192 704 1251 757 184
1276 699 1355 776 ἔστιν,
1379 694 1401 756 ὦ
1425 699 1450 756 ἅ.
1473 698 1524 775 ll,

336 799 385 868 τῆς
405 795 537 874 ὑμετέρας
553 795 763 858 πλεονεκτοῦσιν
779 799 904 873 εὐηθείας
957 801 1068 879 μεγάλη
1096 803 1152 872 τοῖς
1179 801 1314 861 ἀδικοῦσιν
1343 802 1424 861 ἅπασι
1448 800 1525 881 μερὶς

337 901 453 972 ἅπαντες
472 897 518 959 καὶ
542 902 575 977 δὴ
595 900 641 962 καὶ
660 906 736 962 τοῦτο
757 907 801 962 νῦν
822 897 903 965 οὗτοι.
956 902 1002 963 καὶ
1014 901 1162 978 πλεονεξία
1174 907 1257 982 ἡτῶν
1269 905 1404 993 ὑμετέρων
1419 906 1524 986 aptatos

336 1006 497 1066 insolenter
516 1013 615 1066 autem
634 1010 665 1067 h.
685 1011 704 1066 l.
726 1009 836 1069 dieitur
854 1013 904 1085 τῆς
955 1009 1084 1088 πραότης.

337 1110 904 1192 ipsrs'pagrheovearoieustadela<33nam

336 1217 367 1274 in
384 1219 592 1276 Demosthenis
613 1220 795 1278 orationibus
814 1218 904 1277 πλεο-

335 1323 438 1379 νεκτεῖν
460 1324 584 1382 verbum
609 1324 672 1382 fere
698 1327 830 1384 absolute
852 1328 903 1383 ad-

335 1426 469 1498 hibetur,
500 1429 591 1486 semel
616 1430 788 1502 genetivum
814 1431 904 1488 habet

335 1551 476 1608 personae
492 1552 533 1590 or.
552 1537 601 1604 38,
619 1553 653 1604 as,
675 1535 712 1592 of.
731 1527 784 1616 [or.
802 1527 864 1616 48]‚
880 1554 901 1593 ν.

335 1641 466 1695 ceterum
492 1639 616 1695 eandem
643 1640 821 1697 sententiam
844 1642 902 1698 De-

334 1743 504 1799 mosthenes
524 1761 564 1800 or.
584 1746 633 1813 24,
650 1761 675 1801 ea
694 1743 742 1800 his
758 1745 903 1820 expressit

335 1846 447 1905 verbis:
471 1845 520 1904 oda
540 1836 609 1923 ᾤετο
630 1843 685 1903 δεῖν
706 1850 754 1920 τῆς
778 1844 903 1921 εὐηθείας

335 1953 383 2022 τῆς
399 1950 532 2029 ὑμετέρας
548 1949 705 2010 ἀπολαύειν.

439 2057 495 2114 Sed
517 2058 670 2114 honorem
689 2058 805 2132 longius
826 2057 1022 2134 persequendi
1043 2058 1167 2114 fortasse
1182 2057 1240 2114 alio
1256 2062 1390 2133 tempore
1406 2059 1525 2117 dabitur

335 2160 461 2230 oeoasio;
485 2160 535 2218 hie
555 2180 630 2237 quae
654 2162 737 2237 posui
758 2162 887 2238 exempli
911 2161 1006 2236 gratia
1026 2161 1183 2219 sufficient.
1215 2162 1245 2218 id
1270 2167 1384 2219 tantum
1405 2162 1523 2221 efficere

333 2265 425 2334 volui,
442 2269 476 2321 ut
491 2266 650 2342 prooemiis
666 2266 842 2342 quibusdam
854 2270 935 2323 eerta
947 2266 1073 2340 vestigia
1089 2266 1231 2341 impressa
1247 2285 1309 2322 esse
1325 2266 1521 2340 intellegeres,

334 2369 440 2446 quibus
453 2389 539 2447 quem
552 2371 588 2428 ad
604 2372 723 2428 modum
739 2391 778 2428 ex
793 2370 950 2428 sententiis
967 2371 1053 2427 modo
1069 2364 1220 2444 αὺτολεξεί,
1237 2372 1322 2428 modo
1338 2371 1523 2449 aliquantum

333 2473 456 2532 variatis
479 2494 518 2531 ex
537 2476 738 2532 Demosthene
761 2475 899 2532 sublectis
922 2475 1048 2532 conflata
1070 2475 1130 2531 sint
1152 2474 1240 2531 faoile
1263 2475 1354 2550 possit
1377 2475 1522 2549 eognosoi.

333 2578 482 2655 reliquum
501 2584 546 2636 est
565 2585 599 2638 ut
619 2580 716 2636 dicam
736 2580 772 2636 de
793 2599 836 2654 pr.
855 2582 905 2649 54,
926 2579 1009 2636 euius
1030 2579 1186 2652 singularis
1202 2583 1247 2635 est
1266 2584 1371 2636 netura
1387 2584 1417 2636 et
1435 2579 1521 2637 ratio.

333 2683 411 2757 quod
432 2683 616 2758 prooemium
635 2683 759 2740 fortasse
774 2683 983 2741 Demosthenis
1003 2702 1060 2739 non
1081 2701 1144 2739 esse
1160 2701 1227 2739 oum
1242 2683 1282 2739 H.
1300 2683 1441 2740 Sohaefer
1455 2703 1522 2740 eon-

333 2781 457 2866 eedat,¹)
476 2787 659 2844 Schoemann
675 2793 776 2846 eontra
793 2782 930 2867 (decom.
945 2789 1055 2844 Athen.
1069 2808 1097 2862 p.
1113 2780 1189 2865 305)
1207 2805 1265 2843 non
1281 2788 1398 2845 dubitat
1412 2787 1524 2863 pariter

332 2909 366 2947 ae
384 2891 499 2968 reliqua
519 2892 713 2949 Demostheni
734 2893 875 2949 tribuere.
906 2891 977 2948 huie
997 2891 1077 2948 enim
1097 2896 1196 2948 orator
1215 2891 1413 2964 magistratus,
1436 2911 1523 2968 quem

332 2996 472 3072 prytanin
493 2997 598 3054 Graeci
617 2999 769 3066 vocabant,
793 2997 919 3071 fungens
942 3015 1063 3054 munere
1082 2997 1254 3053 renuntiare
1274 2996 1395 3055 videtur
1417 2998 1522 3072 populo

333 3119 414 3158 saera
435 3119 453 3156 a
474 3101 648 3178 prytanibus
669 3101 714 3158 dis
734 3101 909 3179 quibusdam
932 3102 1010 3159 faeta
1033 3101 1134 3177 eisque
1155 3100 1289 3158 omnibus
1311 3099 1430 3158 litatum
1451 3120 1522 3158 esse.

333 3209 363 3262 et
378 3209 492 3262 eertum
507 3205 626 3282 quidem
644 3210 688 3262 est
702 3207 934 3263 Demosthenem
950 3210 1114 3262 senatorem
1133 3204 1225 3260 fuisse
1241 3209 1272 3261 et
1291 3223 1343 3279 pro
1359 3224 1391 3262 re
1407 3205 1523 3280 publiea

332 3328 379 3366 res
394 3308 511 3368 divinas
526 3309 631 3367 fecisse
647 3314 678 3367 et
693 3309 879 3379 sacrificasse,
902 3309 932 3365 id
949 3310 1025 3386 quod
1042 3309 1105 3384 ipse
1121 3308 1205 3365 nobis
1220 3308 1346 3365 tradidit
1362 3327 1403 3365 or.
1422 3313 1524 3376 21,114

333 3406 406 3492 sq.²)
431 3415 480 3470 sed
496 3414 561 3473 veri
577 3414 673 3472 simile
689 3433 747 3471 non
763 3420 808 3470 est
823 3433 891 3470 eum
907 3413 962 3472 sibi
978 3418 1047 3470 ante
1059 3413 1229 3487 exemplum
1242 3412 1447 3488 composuisse,
1465 3431 1522 3489 quo

332 3522 474 3588 uteretur,
496 3518 656 3595 siquando
677 3519 784 3594 populo
804 3520 840 3575 de
861 3517 950 3576 saeris
971 3517 1058 3574 factis
1077 3517 1273 3574 renuntiaret.
1303 3517 1359 3574 hoo
1379 3517 1459 3574 enim
1479 3521 1523 3573 est

332 3622 469 3679 callidius
484 3624 521 3680 de
536 3623 645 3681 futuris
658 3623 801 3680 oonioere.
826 3627 980 3699 praeterea
995 3622 1131 3697 proxime
1143 3624 1179 3679 ad
1196 3642 1300 3680 verum
1312 3621 1427 3678 aeoedit
1442 3620 1522 3677 eain

332 3746 374 3796 re,
395 3727 475 3783 utin
491 3727 552 3784 ritu
568 3727 712 3797 sollemni,
730 3728 822 3786 verba
837 3726 1132 3803 quaedam'legitima
1147 3727 1343 3800 nuncupanda
1357 3725 1459 3794 fuisse,
1481 3723 1524 3781 ita

332 3830 378 3887 uti
393 3831 517 3889 arbitrio
530 3831 711 3904 singulorum
726 3833 806 3888 loeus
819 3850 878 3887 non
890 3836 977 3888 esset.
1001 3834 1047 3887 est
1061 3835 1160 3887 autem
1176 3830 1246 3887 huie
1262 3829 1412 3905 prooemio
1424 3829 1524 3906 aliqua

332 3935 496 3992 similitudo
512 3955 578 3993 eum
597 3937 661 3992 loeo
677 3955 694 3991 a
709 3936 910 4011 Theophrasto
931 3935 962 3990 in
979 3935 1175 4010 descriptione
1195 3934 1325 3990 hominis
1345 3933 1446 4009 inepte
1462 3935 1523 4007 glo·

331 4039 403 4096 riosi
419 4036 593 4118 adhibito.3)
625 4040 651 4096 is
666 4040 746 4096 enim
766 4040 916 4096 hominem
936 4039 1009 4096 facit
1026 4038 1150 4096 mirifice
1167 4044 1302 4095 ornatum
1318 4037 1419 4095 dedita
1435 4056 1523 4113 opera

333 4145 369 4200 de
385 4143 473 4201 saeris
493 4145 713 4201 renuntiantem
734 4143 823 4221 idque
842 4143 889 4200 his
905 4143 1018 4202 verbis:
1039 4136 1077 4197 Ὦ
1093 4136 1120 4199 o'i.
1139 4140 1190 4218 Ἀ,
1213 4140 1326 4214 ἐθὺομεν
1342 4139 1368 4198 οἱ
1382 4141 1523 4218 πρυτάνεις

331 4244 365 4303 τὰ
381 4243 439 4324 ἱερὰ
455 4251 488 4327 τῇ
505 4243 585 4325 μητρὶ
600 4250 652 4304 τῶν
668 4246 737 4303 θεῶν
755 4242 879 4315 ἄξιοικαὶ
895 4244 980 4323 καλά,
1002 4242 1048 4303 καὶ
1064 4245 1140 4319 ὑμεῖς
1157 4243 1272 4322 δέχεσθε
1287 4243 1322 4302 τὰ
1337 4243 1437 4322 ἀγαθοί.
1470 4247 1522 4303 sed

437 4433 456 4499 ¹)
476 4433 578 4484 Offensi
596 4439 659 4484 suut
677 4434 798 4500 plerique
814 4434 956 4482 adieetivis
972 4433 1044 4483 ultra
1062 4434 1170 4483 modum
1189 4435 1354 4484 coacervatis
1372 4431 1412 4481 καὶ
1431 4430 1522 4481 δίκαιον

332 4518 371 4570 καὶ
390 4514 463 4570 καλὸν
482 4519 521 4569 καὶ
540 4520 682 4586 σπουδαῖον;
702 4515 799 4584 ἀσφαλῆ
818 4518 858 4568 καὶ
877 4517 962 4585 βέβαια
980 4518 1020 4569 καὶ
1038 4514 1102 4568 καλὰ
1120 4518 1159 4568 καὶ
1179 4518 1296 4587 σωτήριοι.

436 4608 457 4674 ²)
476 4609 544 4658 Vide
558 4610 638 4658 etiam
651 4622 721 4672 quae
734 4608 766 4656 de
779 4606 915 4656 sacrifieiis
934 4623 949 4656 a
967 4607 1125 4672 prytanibus
1144 4607 1273 4656 faciendis
1289 4607 1421 4672 factisque
1434 4611 1523 4655 orator

332 4697 455 4764 exposuit
474 4710 510 4745 or.
526 4697 567 4757 19,
586 4712 631 4744 ινο,

436 4782 456 4847 ³)
476 4781 610 4846 Theophr.
630 4781 783 4832 character,
801 4781 872 4832 XXI.
893 4796 911 4831 s.
931 4780 949 4829 f.
