3530 5536
716 499 930 552 ...93-

228 691 281 742 aut
299 681 365 762 ὑπὲρ
385 680 527 752 πολιτείας
546 690 599 743 aut
617 682 683 763 ὑπὲρ
705 681 882 752 καταλύσεως
901 685 947 742 τοῦ
967 680 1055 757 δήμου
1074 685 1232 743 dicendum
1253 691 1328 756 erat;
1351 707 1418 744 nam

229 789 373 846 detractio
395 791 445 861 τῆς
466 786 608 858 πολιτείας
631 793 675 846 est
698 784 785 861 δήμου
807 786 964 857 κατάλυσις.
1008 793 1088 846 certe
1111 790 1325 848 Demosthenes
1348 792 1418 849 satis

227 892 335 950 habuit
352 895 528 950 alterutrum
548 892 679 969 posuisse
699 912 742 950 or.
761 897 810 964 24,
833 911 871 951 154
890 890 968 967 λέγω
988 888 1049 970 περὶ
1068 890 1245 962 καταλύσεως
1259 895 1305 951 τού
1320 891 1417 972 δήμου,

229 1016 271 1054 or.
291 1000 339 1068 15,
357 1015 382 1054 τυ
401 993 613 1071 συγκινδυνεύειν
632 1015 656 1054 τι
675 995 724 1068 τήν
739 995 803 1073 παρ’
811 995 877 1068 ἡμῖν
892 993 1043 1073 πολιτείαν,
1063 996 1137 1056 ibid.
1153 995 1169 1074 S
1186 1002 1225 1055 20
1245 995 1306 1067 τούς
1322 995 1418 1068 δὲτὰς

227 1098 367 1169 πολιτείας
381 1098 576 1170 καταλύοντας.
600 1103 637 1159 de
651 1101 831 1160 verbositate
846 1106 955 1172 autem,
973 1121 1048 1178 quae
1063 1102 1142 1160 inest
1157 1102 1188 1158 in
1204 1102 1337 1160 ciusdem
1352 1123 1417 1180 pro-

229 1205 319 1263 oemii
337 1205 437 1264 verbis
459 1202 474 1281 5
498 1210 515 1263 3
540 1202 638 1262 δοκεῖτ’
652 1202 797 1277 ἀναμένειν
820 1203 952 1273 παθόντες
976 1201 1114 1263 αἰσθέσθαι
1134 1225 1220 1283 supra
1242 1206 1419 1266 dictumest

228 1331 257 1386 p.
275 1313 324 1366 66.
356 1329 427 1369 vere
449 1308 543 1384 igitur
565 1309 640 1367 mihi
663 1311 735 1368 haee
758 1309 864 1369 videor
886 1309 1000 1368 dicere:
1023 1310 1148 1368 utboni
1173 1315 1217 1370 est
1240 1311 1363 1368 oratoris
1386 1312 1417 1369 in

228 1414 353 1471 dicendo
372 1413 518 1484 invenire,
540 1415 618 1490 qnod
639 1419 683 1471 est
702 1413 782 1471 inter
802 1413 930 1472 nimium
950 1418 981 1471 et
1000 1433 1113 1489 parum,
1135 1415 1176 1472 sic
1196 1414 1352 1473 mediocris
1367 1422 1419 1474 ant

228 1519 373 1576 excedere
392 1522 517 1575 autnon
537 1518 662 1595 implere
677 1517 816 1576 dictionis
836 1523 943 1594 partes.
975 1517 1054 1575 idem
1075 1518 1155 1576 cadit
1174 1519 1206 1576 in
1226 1540 1269 1596 pr.
1287 1523 1338 1591 45,
1358 1539 1371 1578 a
1391 1516 1418 1576 αἱ

227 1619 282 1698 γὰρ
310 1618 444 1698 ἐμπειρίαι
472 1617 518 1678 καί
541 1619 571 1679 rb
593 1618 689 1680 πολλὰ
712 1620 865 1700 ἑωρακέναι
888 1619 957 1679 τοῦτ’
971 1619 1135 1694 ἐμποιοῦσιν.
1180 1643 1249 1681 nam
1270 1621 1301 1680 τὀ
1323 1620 1419 1682 πολλὰ

229 1724 378 1804 ἑωρακέναι
402 1747 440 1784 ex
462 1726 506 1784 eis
528 1729 615 1784 rebus
638 1731 692 1798 est,
717 1726 823 1804 quibus
844 1725 862 1799 ἡ
887 1721 1013 1803 ἐμπειρία
1032 1726 1171 1785 efficitur.
1202 1727 1311 1787 vitiose
1326 1728 1419 1803 igitur

228 1833 300 1888 haec
319 1832 477 1902 abundant,
499 1831 674 1908 praesertim
694 1850 761 1889 cum
775 1833 899 1890 verbum
916 1826 1043 1908 ἐμπειρία
1058 1831 1098 1889 sit
1116 1831 1148 1889 in
1169 1832 1276 1907 plurali
1295 1852 1417 1890 numero

228 1935 365 2013 positum.
396 1935 506 1993 rectius
526 1929 640 2018 [ep.1],
662 1953 675 1993 ι
695 1935 805 1993 dicitur
826 1931 1012 2013 δι’ἐμπειρίαν
1032 1931 1079 1992 καὶ
1097 1934 1127 1993 τὀ
1147 1934 1418 2014 παρηκολουθηκέναι

227 2040 282 2108 τοῖς
293 2039 448 2117 πράγμασιν
459 2032 549 2108 εἰδώς.
573 2044 670 2098 tumet
681 2039 790 2097 deinde
802 2041 928 2118 quodam
940 2041 1026 2097 modo
1039 2040 1132 2098 oratio
1148 2061 1192 2116 pr.
1207 2046 1235 2111 9,
1248 2061 1269 2112 a,
1282 2040 1332 2099 ubi
1345 2042 1418 2098 haec

228 2146 378 2219 leguntur:
400 2141 443 2200 δεῖ
461 2141 514 2219 γάρ
533 2143 591 2212 τοῖς
611 2135 729 2200 ἐπὶτῶν
749 2142 843 2218 λόγων
864 2141 1034 2217 εύδοκιμοϋσι
1054 2143 1232 2222 συμφέροντὲς
1251 2161 1322 2213 τινος
1338 2142 1418 2222 ἔργου

227 2241 322 2325 πρᾶξιν
344 2247 491 2326 προσεῖναι.
522 2247 611 2305 nimis
634 2247 715 2306 enim
737 2247 872 2325 quaesita
894 2248 1015 2308 videtur
1037 2249 1129 2307 dictio
1152 2246 1194 2305 δεῖ
1217 2267 1261 2321 μοι
1281 2247 1418 2325 προσεῖναι

229 2351 408 2430 συμφέροντύς
426 2368 498 2420 τινος
518 2349 598 2428 έργου
616 2346 722 2430 πρᾶξιν,
743 2370 795 2429 pro
817 2371 874 2429 qua
890 2358 1028 2429 expectes
1045 2350 1086 2409 δεῖ
1107 2369 1141 2425 με
1162 2347 1344 2428 συμφέρουσοίν
1359 2370 1418 2409 τινα

228 2450 322 2534 πρᾶξιν
346 2454 513 2533 προστιθέναι
535 2456 590 2524 τοῖς
612 2454 718 2531 λύγοις.
754 2455 920 2514 sufficiebat
942 2462 1096 2533 practerea
1118 2458 1216 2514 dicere
1240 2455 1372 2534 συμφέρον
1393 2474 1418 2513 τι

230 2557 308 2638 ἔργον
327 2563 377 2620 vel
396 2560 579 2638 συμφέρουσάν
599 2579 657 2617 τινα
675 2554 782 2638 πρᾶξιν,
805 2560 850 2619 uti
870 2580 911 2618 or.
937 2565 985 2632 15,
1007 2579 1033 2618 aa
1054 2558 1101 2617 ἐὰν
1122 2561 1139 2617 ά
1158 2560 1314 2640 προῄρησθε
1334 2557 1418 2635 δυνη-

228 2661 285 2737 θῆτ’
302 2661 466 2742 ἐπικυρῶσαι
493 2663 661 2744 συμφερούσῃ
688 2659 738 2721 τινὶ
763 2659 860 2742 πράξει
890 2659 941 2744 (cf.
970 2668 1159 2741 personatum
1186 2666 1417 2723 Demosthenem

229 2760 280 2849 [or.
303 2760 364 2848 40],
385 2787 411 2827 ac
435 2765 479 2824 ίνα
497 2763 595 2845 πρᾶξίς
613 2786 653 2836 τις
672 2765 807 2846 πραχθείη
830 2814 837 2828 .
859 2813 866 2828 .
888 2762 1081 2846 συμφέρουσα).
1112 2787 1170 2824 nno
1193 2773 1291 2825 autem
1315 2773 1417 2826 tenore

229 2870 296 2949 ἔργα
311 2878 342 2930 et
356 2866 453 2950 πρᾶξίς
468 2891 508 2941 τις
523 2872 610 2929 simul
626 2873 789 2947 iunguntur
803 2891 845 2930 or.
860 2877 889 2943 8,
906 2869 990 2930 ινδεῖ
1005 2869 1029 2930 δ’
1040 2871 1127 2950 ἔργων
1143 2875 1176 2950 τῇ
1191 2870 1272 2929 πόλει
1283 2867 1330 2930 καὶ
1344 2867 1417 2950 πρά-

229 2968 298 3044 ξεώς
312 2994 393 3050 τινος,
409 2977 488 3033 unde
503 2976 601 3034 nescio
617 2997 653 3034 an
670 2977 813 3053 prooemii
829 2978 909 3034 loeus
924 2977 1046 3033 haustus
1062 2976 1110 3034 sit.
1141 2976 1213 3036 vido
1228 2997 1256 3052 p.
1275 2981 1325 3034 69.

234 3105 236 3110 ·
331 3083 405 3139 Tum
420 3080 523 3138 inflato
536 3081 655 3138 dicendi
667 3101 775 3155 genere
787 3081 947 3138 dictasunt
962 3101 1005 3157 pr.
1022 3085 1070 3150 14,
1088 3099 1100 3138 e
1116 3075 1139 3136 εἰ
1153 3077 1202 3153 μὲν
1213 3079 1299 3137 τοίνυν
1311 3078 1418 3153 μηδένα

227 3184 320 3262 καιρδν
340 3182 428 3242 οίεσθε
447 3178 533 3262 ἥξειν,
554 3184 584 3254 δς
605 3181 669 3242 εἴσω
689 3187 738 3258 τῆς
759 3179 897 3262 εἰρωνείας
918 3179 1038 3260 ἀφίξεται
1060 3184 1168 3261 ταύτης,
1193 3186 1299 3262 quibus
1319 3185 1417 3245 verbis

228 3289 429 3347 audacissimis
440 3290 486 3347 usi
499 3289 739 3347 translationibus
750 3291 840 3360 Wolf,
855 3291 972 3364 Seager,
986 3289 1127 3347 Schaefer
1138 3289 1308 3347 afficiebant
1318 3295 1352 3346 ut
1363 3289 1417 3345 ali-

228 3414 315 3472 quam
331 3395 464 3452 sanitatis
477 3394 604 3470 speciem
620 3394 787 3453 induerent.
812 3414 879 3451 nam
892 3399 925 3451 nt
940 3396 995 3451 boc
1007 3414 1098 3451 unum
1114 3395 1271 3470 proferam,
1288 3393 1418 3469 poscitur

228 3503 262 3556 ut
276 3498 368 3572 fingas
383 3502 499 3575 tempus
516 3491 639 3578 (καιρὸν)
656 3498 722 3555 fieri
739 3498 875 3568 militem,
893 3498 942 3575 qui
960 3498 1039 3555 intra
1054 3499 1122 3568 tela,
1140 3516 1215 3574 qnae
1231 3495 1248 3569 ἡ
1264 3499 1316 3552 τῶν
1333 3493 1417 3568 Ἀθη-

228 3600 309 3659 ναίων
336 3597 460 3680 εἰρωνεία
490 3608 641 3680 tamquam
667 3603 782 3672 mittat,
814 3603 910 3660 irruat
939 3603 1041 3679 itaque
1067 3622 1132 3658 eam
1158 3601 1275 3659 irritam
1301 3601 1415 3658 reddat.

228 3707 368 3764 nimirum
379 3707 454 3764 istac
466 3707 600 3780 argutiae
612 3712 681 3765 sunt
691 3726 725 3764 ac
737 3727 841 3781 nugae.
865 3706 1067 3783 unusquisque
1082 3711 1153 3781 puto
1164 3705 1238 3762 haec
1249 3705 1416 3779 intelleget:

229 3807 284 3867 νυνί
299 3809 333 3882 δὴ
349 3809 443 3886 καιρδς
459 3809 520 3883 ἥκει
535 3829 575 3880 τις
591 3802 668 3878 οὗτος
683 3810 698 3866 ὁ
713 3814 766 3867 τῶν
783 3807 934 3867 Ὀλυνθίων
951 3809 1101 3881 αὐτύματος
1116 3813 1149 3888 τῇ
1164 3807 1245 3866 πύλει
1262 3803 1318 3888 (οι.
1334 3814 1361 3879 1,
1378 3805 1415 3889 υ),

227 3917 272 3972 νῦν
292 3913 340 3972 δ’έ
358 3913 419 3993 έρου
438 3913 562 3986 πολέμου
581 3915 675 3994 καιρδς
690 3915 752 3988 ἥκει
771 3934 811 3984 τις
833 3910 889 3995 (or.
908 3919 936 3986 3,
953 3910 991 3992 e),
1014 3911 1062 3970 ἐὰν
1083 3911 1114 3970 δέ
1128 3910 1189 3970 ποθ’
1200 3903 1276 3982 οὗτος
1292 3912 1307 3969 ὁ
1321 3912 1417 3990 καιρὸς

229 4018 298 4100 έλθη
320 4013 376 4100 (or.
400 4023 450 4090 14,
471 4013 522 4098 aa),
545 4019 596 4077 κάν
615 4038 655 4087 τις
674 4018 718 4097 ἄρ’
731 4018 801 4098 ἔλθῃ
821 4017 887 4076 ποτὲ
906 4019 1001 4096 καιρύς
1022 4013 1079 4099 (or.
1102 4023 1151 4089 20,
1173 4011 1236 4097 mo),
1258 4018 1308 4074 sed
1329 4011 1417 4084 ούδεὶς

228 4123 322 4200 καιρδς
343 4119 406 4180 είσω
425 4122 524 4196 ταύτης
543 4127 593 4197 τῆς
612 4119 752 4201 εἰρωνείας
772 4118 893 4200 ἀφίξεται
913 4123 1052 4180 audacius
1072 4141 1160 4200 quam
1179 4121 1289 4179 rectius
1305 4119 1418 4178 dictum

228 4234 281 4287 est.
298 4229 460 4286 infeliciter
471 4230 552 4299 haec,
566 4229 622 4286 nisi
635 4230 731 4300 fallor,
746 4228 891 4287 imitando
899 4228 1041 4287 videntur
1049 4245 1186 4303 expressa
1198 4246 1236 4283 ex
1248 4244 1290 4282 or.
1300 4225 1367 4282 ΙΠΙ
1377 4227 1415 4281 37

228 4332 273 4389 τδν
292 4331 346 4410 γὰρ
366 4334 412 4389 τού
432 4333 556 4410 πράττειν
575 4333 673 4409 χρόνον
694 4329 734 4402 είς
747 4332 779 4390 ἰδ
794 4329 1047 4410 παρασκευάζεσθαι
1063 4327 1257 4406 ἀναλίσκομεν,
1277 4325 1303 4386 οἱ
1319 4325 1349 4384 δὲ
1363 4331 1416 4385 τῶν

227 4437 394 4515 πραγμάτων
410 4435 441 4493 ού
457 4436 564 4510 μένουσι
579 4433 668 4513 καιροὶ
681 4435 729 4510 πἠν
740 4436 878 4515 ἡμετέραν
895 4432 1047 4513 βραδυτῆτα
1058 4431 1105 4491 καὶ
1117 4431 1265 4513 εἰρωνείαν.
1289 4433 1417 4491 similem

228 4543 263 4599 ob
283 4542 435 4599 licentiam
454 4543 527 4598 haec
547 4541 672 4615 legentis
692 4541 823 4599 animum
843 4540 1015 4618 percutiunt
1034 4557 1078 4616 pr.
1102 4543 1151 4612 22,
1173 4559 1199 4597 s:
1219 4541 1273 4594 τῶν
1294 4534 1417 4613 μὲνγὰρ

227 4641 363 4723 πράξεων,
385 4640 424 4715 εἰς
444 4644 489 4714 ούς
509 4645 542 4700 άν
557 4644 653 4722 ἥκωσι,
673 4644 759 4722 κύριοι
773 4643 955 4703 καθίστανται.
986 4663 1055 4700 nam
1070 4644 1136 4722 quis
1151 4662 1290 4720 nmquam
1305 4661 1416 4712 eorum,

228 4751 278 4826 qui
294 4753 369 4809 bene
381 4751 523 4809 dixerunt
538 4750 569 4806 id
585 4755 630 4806 est
641 4751 751 4821 Attice,
769 4751 811 4808 ita
826 4752 940 4808 loeutus
952 4754 997 4806 est
1009 4744 1036 4804 αῖ
1047 4742 1160 4827 πράξεις
1175 4744 1214 4817 είς
1228 4764 1288 4803 τινα
1298 4744 1417 4822 ἥκουσιν,
