<?xml version="1.0" encoding="UTF-8"?>
<!DOCTYPE html PUBLIC "-//W3C//DTD XHTML 1.0 Transitional//EN"
    "http://www.w3.org/TR/xhtml1/DTD/xhtml1-transitional.dtd">
<html xmlns="http://www.w3.org/1999/xhtml" xml:lang="en" lang="en">
 <head>
  <title>
</title>
<meta http-equiv="Content-Type" content="text/html;charset=utf-8" />
  <meta name='ocr-system' content='tesseract 3.04.00' />
  <meta name='ocr-capabilities' content='ocr_page ocr_carea ocr_par ocr_line ocrx_word'/>
</head>
<body>
  <div class='ocr_page' id='page_1' title='image "./dedemosthenisqu00swobgoog_0040.png"; bbox 0 0 3530 5536; ppageno 0'>
   <div class='ocr_carea' id='block_1_1' title="bbox 689 489 901 542">
    <p class='ocr_par' dir='ltr' id='par_1_1' title="bbox 689 489 901 542">
     <span class='ocr_line' id='line_1_1' title="bbox 689 489 901 542; baseline -0.009 -14"><span class='ocrx_word' id='word_1_1' title='bbox 689 489 901 542; x_wconf 72' lang='grc'>..25-</span> 
     </span>
    </p>
   </div>
   <div class='ocr_carea' id='block_1_2' title="bbox 181 669 1391 2740">
    <p class='ocr_par' dir='ltr' id='par_1_2' title="bbox 182 669 1390 859">
     <span class='ocr_line' id='line_1_2' title="bbox 183 669 1390 752; baseline 0 -22"><span class='ocrx_word' id='word_1_2' title='bbox 183 695 230 749; x_wconf 93' lang='lat' dir='ltr'>pr.</span> <span class='ocrx_word' id='word_1_3' title='bbox 251 679 312 746; x_wconf 88' lang='grc'>46,</span> <span class='ocrx_word' id='word_1_4' title='bbox 330 695 343 733; x_wconf 85' lang='lat' dir='ltr'>a</span> <span class='ocrx_word' id='word_1_5' title='bbox 363 673 418 732; x_wconf 85' lang='grc' dir='ltr'>ἐστι</span> <span class='ocrx_word' id='word_1_6' title='bbox 438 672 489 748; x_wconf 82' lang='grc' dir='ltr'>μὲν</span> <span class='ocrx_word' id='word_1_7' title='bbox 509 669 554 732; x_wconf 90' lang='grc' dir='ltr'>σύν</span> <span class='ocrx_word' id='word_1_8' title='bbox 572 673 699 750; x_wconf 75' lang='grc' dir='ltr'>χαλεπὸν</span> <span class='ocrx_word' id='word_1_9' title='bbox 717 674 748 732; x_wconf 70' lang='lat' dir='ltr'>ab</span> <span class='ocrx_word' id='word_1_10' title='bbox 766 673 830 752; x_wconf 88' lang='grc' dir='ltr'>παρ’</span> <span class='ocrx_word' id='word_1_11' title='bbox 843 673 903 746; x_wconf 85' lang='grc' dir='ltr'>ύμῖν</span> <span class='ocrx_word' id='word_1_12' title='bbox 919 671 984 752; x_wconf 86' lang='grc' dir='ltr'>ύπέρ</span> <span class='ocrx_word' id='word_1_13' title='bbox 1000 673 1073 746; x_wconf 81' lang='grc' dir='ltr'>ὑμῶν</span> <span class='ocrx_word' id='word_1_14' title='bbox 1090 671 1190 750; x_wconf 83' lang='grc' dir='ltr'>ἐροῦντ’</span> <span class='ocrx_word' id='word_1_15' title='bbox 1203 671 1390 750; x_wconf 83' lang='grc' dir='ltr'>ἀνεστηκέναι,</span> 
     </span>
     <span class='ocr_line' id='line_1_3' title="bbox 182 773 650 859; baseline 0.002 -25"><span class='ocrx_word' id='word_1_16' title='bbox 182 778 286 857; x_wconf 81' lang='grc' dir='ltr'>ὣσπερ</span> <span class='ocrx_word' id='word_1_17' title='bbox 306 773 400 859; x_wconf 75' lang='grc' dir='ltr'>ῥᾴδιον</span> <span class='ocrx_word' id='word_1_18' title='bbox 415 777 446 836; x_wconf 78' lang='grc' dir='ltr'>τ”ο</span> <span class='ocrx_word' id='word_1_19' title='bbox 461 778 522 836; x_wconf 83' lang='grc' dir='ltr'>καθ’</span> <span class='ocrx_word' id='word_1_20' title='bbox 530 778 615 851; x_wconf 75' lang='grc' dir='ltr'>ύμκύν.</span> <span class='ocrx_word' id='word_1_21' title='bbox 628 775 650 857; x_wconf 95' lang='grc' dir='ltr'>Ι)</span> 
     </span>
    </p>

    <p class='ocr_par' dir='ltr' id='par_1_3' title="bbox 181 883 1391 2217">
     <span class='ocr_line' id='line_1_4' title="bbox 302 883 1391 970; baseline -0.002 -28"><span class='ocrx_word' id='word_1_22' title='bbox 302 885 387 942; x_wconf 90' lang='lat' dir='ltr'>Haec</span> <span class='ocrx_word' id='word_1_23' title='bbox 403 884 496 959; x_wconf 86' lang='lat' dir='ltr'>igitur</span> <span class='ocrx_word' id='word_1_24' title='bbox 509 885 601 955; x_wconf 88' lang='lat' dir='ltr'>Blass,</span> <span class='ocrx_word' id='word_1_25' title='bbox 617 904 670 942; x_wconf 91' lang='lat' dir='ltr'>nos</span> <span class='ocrx_word' id='word_1_26' title='bbox 684 905 748 943; x_wconf 86' lang='lat' dir='ltr'>rem</span> <span class='ocrx_word' id='word_1_27' title='bbox 763 886 927 943; x_wconf 81' lang='lat' dir='ltr'><strong>accuratius</strong></span> <span class='ocrx_word' id='word_1_28' title='bbox 942 903 1161 962; x_wconf 81' lang='lat' dir='ltr'><strong>persequemur.</strong></span> <span class='ocrx_word' id='word_1_29' title='bbox 1182 902 1215 941; x_wconf 90' lang='lat' dir='ltr'>ae</span> <span class='ocrx_word' id='word_1_30' title='bbox 1230 883 1289 970; x_wconf 87' lang='lat' dir='ltr'>nisi</span> <span class='ocrx_word' id='word_1_31' title='bbox 1304 883 1391 940; x_wconf 87' lang='lat' dir='ltr'>fallor</span> 
     </span>
     <span class='ocr_line' id='line_1_5' title="bbox 182 986 1390 1066; baseline -0.002 -21"><span class='ocrx_word' id='word_1_32' title='bbox 182 989 249 1045; x_wconf 89' lang='lat' dir='ltr'>iam</span> <span class='ocrx_word' id='word_1_33' title='bbox 267 1009 372 1065; x_wconf 87' lang='lat' dir='ltr'>supra,</span> <span class='ocrx_word' id='word_1_34' title='bbox 392 988 444 1047; x_wconf 91' lang='lat' dir='ltr'>ubi</span> <span class='ocrx_word' id='word_1_35' title='bbox 464 991 500 1046; x_wconf 90' lang='lat' dir='ltr'>de</span> <span class='ocrx_word' id='word_1_36' title='bbox 520 988 666 1048; x_wconf 77' lang='lat' dir='ltr'>similibus</span> <span class='ocrx_word' id='word_1_37' title='bbox 685 990 902 1066; x_wconf 86' lang='lat' dir='ltr'>prooemiorum</span> <span class='ocrx_word' id='word_1_38' title='bbox 916 989 988 1047; x_wconf 90' lang='lat' dir='ltr'>locis</span> <span class='ocrx_word' id='word_1_39' title='bbox 1003 991 1146 1064; x_wconf 81' lang='lat' dir='ltr'>agebatur</span> <span class='ocrx_word' id='word_1_40' title='bbox 1160 1020 1202 1030; x_wconf 93' lang='lat'>-</span> <span class='ocrx_word' id='word_1_41' title='bbox 1216 1007 1284 1044; x_wconf 90' lang='lat' dir='ltr'>nam</span> <span class='ocrx_word' id='word_1_42' title='bbox 1298 987 1330 1043; x_wconf 93' lang='lat' dir='ltr'>in</span> <span class='ocrx_word' id='word_1_43' title='bbox 1347 986 1390 1044; x_wconf 87' lang='lat' dir='ltr'>cis</span> 
     </span>
     <span class='ocr_line' id='line_1_6' title="bbox 181 1092 1389 1170; baseline -0.002 -21"><span class='ocrx_word' id='word_1_44' title='bbox 181 1093 276 1164; x_wconf 89' lang='lat' dir='ltr'>loeis,</span> <span class='ocrx_word' id='word_1_45' title='bbox 305 1112 379 1170; x_wconf 80' lang='lat' dir='ltr'>quos</span> <span class='ocrx_word' id='word_1_46' title='bbox 398 1092 529 1168; x_wconf 88' lang='lat' dir='ltr'>geminos</span> <span class='ocrx_word' id='word_1_47' title='bbox 551 1094 600 1153; x_wconf 85' lang='lat' dir='ltr'>vel</span> <span class='ocrx_word' id='word_1_48' title='bbox 622 1093 788 1151; x_wconf 91' lang='lat' dir='ltr'>simillimos</span> <span class='ocrx_word' id='word_1_49' title='bbox 810 1094 1033 1170; x_wconf 82' lang='lat' dir='ltr'>appellavimus,</span> <span class='ocrx_word' id='word_1_50' title='bbox 1057 1092 1253 1151; x_wconf 74' lang='lat' dir='ltr'>elocutionem</span> <span class='ocrx_word' id='word_1_51' title='bbox 1272 1109 1389 1168; x_wconf 90' lang='lat' dir='ltr'>quoquo</span> 
     </span>
     <span class='ocr_line' id='line_1_7' title="bbox 182 1195 1390 1274; baseline -0.002 -20"><span class='ocrx_word' id='word_1_52' title='bbox 182 1203 410 1273; x_wconf 77' lang='lat' dir='ltr'>congruentem</span> <span class='ocrx_word' id='word_1_53' title='bbox 421 1198 554 1255; x_wconf 86' lang='lat' dir='ltr'>obtinere</span> <span class='ocrx_word' id='word_1_54' title='bbox 566 1202 627 1255; x_wconf 85' lang='lat' dir='ltr'>tam</span> <span class='ocrx_word' id='word_1_55' title='bbox 639 1197 828 1256; x_wconf 83' lang='lat' dir='ltr'>manifestum</span> <span class='ocrx_word' id='word_1_56' title='bbox 840 1203 893 1269; x_wconf 90' lang='lat' dir='ltr'>est,</span> <span class='ocrx_word' id='word_1_57' title='bbox 911 1204 944 1257; x_wconf 88' lang='lat' dir='ltr'>nt</span> <span class='ocrx_word' id='word_1_58' title='bbox 956 1198 1150 1256; x_wconf 86' lang='lat' dir='ltr'>demonstrari</span> <span class='ocrx_word' id='word_1_59' title='bbox 1166 1196 1297 1274; x_wconf 85' lang='lat' dir='ltr'>pluribus</span> <span class='ocrx_word' id='word_1_60' title='bbox 1313 1195 1390 1253; x_wconf 92' lang='lat' dir='ltr'>nihil</span> 
     </span>
     <span class='ocr_line' id='line_1_8' title="bbox 182 1301 1388 1380; baseline -0.001 -21"><span class='ocrx_word' id='word_1_61' title='bbox 182 1302 384 1360; x_wconf 86' lang='lat' dir='ltr'>attineat-</span> <span class='ocrx_word' id='word_1_62' title='bbox 399 1302 583 1380; x_wconf 87' lang='lat' dir='ltr'>aliquantum</span> <span class='ocrx_word' id='word_1_63' title='bbox 603 1303 806 1360; x_wconf 87' lang='lat' dir='ltr'>attendentem</span> <span class='ocrx_word' id='word_1_64' title='bbox 828 1303 983 1380; x_wconf 85' lang='lat' dir='ltr'>aequabile</span> <span class='ocrx_word' id='word_1_65' title='bbox 1006 1302 1148 1360; x_wconf 88' lang='lat' dir='ltr'>orationis</span> <span class='ocrx_word' id='word_1_66' title='bbox 1171 1321 1262 1377; x_wconf 85' lang='lat' dir='ltr'>genus</span> <span class='ocrx_word' id='word_1_67' title='bbox 1285 1301 1388 1360; x_wconf 85' lang='lat' dir='ltr'>movit.</span> 
     </span>
     <span class='ocr_line' id='line_1_9' title="bbox 184 1405 1389 1484; baseline -0.002 -21"><span class='ocrx_word' id='word_1_68' title='bbox 184 1405 335 1481; x_wconf 86' lang='lat' dir='ltr'>intellegi</span> <span class='ocrx_word' id='word_1_69' title='bbox 356 1411 456 1464; x_wconf 88' lang='lat' dir='ltr'>autem</span> <span class='ocrx_word' id='word_1_70' title='bbox 470 1408 537 1465; x_wconf 84' lang='lat' dir='ltr'>volo</span> <span class='ocrx_word' id='word_1_71' title='bbox 561 1407 642 1478; x_wconf 84' lang='lat' dir='ltr'>talia,</span> <span class='ocrx_word' id='word_1_72' title='bbox 660 1407 759 1484; x_wconf 88' lang='lat' dir='ltr'>qualia</span> <span class='ocrx_word' id='word_1_73' title='bbox 772 1407 871 1467; x_wconf 88' lang='lat' dir='ltr'>verbis</span> <span class='ocrx_word' id='word_1_74' title='bbox 886 1408 934 1464; x_wconf 88' lang='lat' dir='ltr'>his</span> <span class='ocrx_word' id='word_1_75' title='bbox 950 1406 1009 1464; x_wconf 90' lang='lat' dir='ltr'>illis</span> <span class='ocrx_word' id='word_1_76' title='bbox 1024 1407 1133 1466; x_wconf 86' lang='lat' dir='ltr'>leviter</span> <span class='ocrx_word' id='word_1_77' title='bbox 1147 1405 1311 1463; x_wconf 86' lang='lat' dir='ltr'>immutatis</span> <span class='ocrx_word' id='word_1_78' title='bbox 1326 1405 1389 1462; x_wconf 89' lang='lat' dir='ltr'>sub·</span> 
     </span>
     <span class='ocr_line' id='line_1_10' title="bbox 185 1501 1389 1588; baseline -0.002 -22"><span class='ocrx_word' id='word_1_79' title='bbox 185 1509 266 1568; x_wconf 85' lang='lat' dir='ltr'>inde</span> <span class='ocrx_word' id='word_1_80' title='bbox 280 1511 381 1568; x_wconf 86' lang='lat' dir='ltr'>redire</span> <span class='ocrx_word' id='word_1_81' title='bbox 389 1511 532 1571; x_wconf 88' lang='lat' dir='ltr'>vidimus:</span> <span class='ocrx_word' id='word_1_82' title='bbox 544 1510 708 1588; x_wconf 86' lang='grc' dir='ltr'>πειράσομαι</span> <span class='ocrx_word' id='word_1_83' title='bbox 716 1508 909 1584; x_wconf 76' lang='grc' dir='ltr'>συμβουλεύειν</span> <span class='ocrx_word' id='word_1_84' title='bbox 918 1506 1071 1588; x_wconf 84' lang='grc' dir='ltr'>άκράτιοτα</span> <span class='ocrx_word' id='word_1_85' title='bbox 1083 1501 1151 1567; x_wconf 83' lang='grc' dir='ltr'>εἶναι</span> <span class='ocrx_word' id='word_1_86' title='bbox 1162 1507 1277 1586; x_wconf 75' lang='grc' dir='ltr'>νομίζω,</span> <span class='ocrx_word' id='word_1_87' title='bbox 1291 1508 1308 1564; x_wconf 87' lang='grc' dir='ltr'>ά</span> <span class='ocrx_word' id='word_1_88' title='bbox 1320 1525 1389 1579; x_wconf 87' lang='grc' dir='ltr'>συμ-</span> 
     </span>
     <span class='ocr_line' id='line_1_11' title="bbox 186 1610 1390 1694; baseline -0.002 -24"><span class='ocrx_word' id='word_1_89' title='bbox 186 1613 288 1691; x_wconf 83' lang='grc' dir='ltr'>ρὲρειν</span> <span class='ocrx_word' id='word_1_90' title='bbox 300 1613 361 1687; x_wconf 88' lang='grc' dir='ltr'>ύμῖν</span> <span class='ocrx_word' id='word_1_91' title='bbox 373 1613 483 1692; x_wconf 87' lang='grc' dir='ltr'>νομίζω,</span> <span class='ocrx_word' id='word_1_92' title='bbox 500 1615 573 1673; x_wconf 83' lang='grc' dir='ltr'>ταῦθ’</span> <span class='ocrx_word' id='word_1_93' title='bbox 582 1615 621 1686; x_wconf 86' lang='grc' dir='ltr'>ὡς</span> <span class='ocrx_word' id='word_1_94' title='bbox 632 1613 665 1672; x_wconf 83' lang='grc' dir='ltr'>διν</span> <span class='ocrx_word' id='word_1_95' title='bbox 678 1612 799 1688; x_wconf 78' lang='grc' dir='ltr'>δύνωμαι</span> <span class='ocrx_word' id='word_1_96' title='bbox 811 1613 856 1673; x_wconf 86' lang='grc' dir='ltr'>διὰ</span> <span class='ocrx_word' id='word_1_97' title='bbox 868 1613 1044 1694; x_wconf 80' lang='grc' dir='ltr'>βραχυτάτων</span> <span class='ocrx_word' id='word_1_98' title='bbox 1057 1613 1111 1692; x_wconf 83' lang='grc' dir='ltr'>ἐρῶ</span> <span class='ocrx_word' id='word_1_99' title='bbox 1122 1613 1190 1692; x_wconf 79' lang='grc' dir='ltr'>προς</span> <span class='ocrx_word' id='word_1_100' title='bbox 1202 1610 1286 1690; x_wconf 76' lang='grc' dir='ltr'>ὑμᾶς,</span> <span class='ocrx_word' id='word_1_101' title='bbox 1303 1613 1390 1669; x_wconf 86' lang='grc' dir='ltr'>πάντα</span> 
     </span>
     <span class='ocr_line' id='line_1_12' title="bbox 185 1713 1390 1798; baseline -0.003 -22"><span class='ocrx_word' id='word_1_102' title='bbox 185 1716 296 1797; x_wconf 82' lang='grc' dir='ltr'>παρεὶς</span> <span class='ocrx_word' id='word_1_103' title='bbox 312 1713 424 1777; x_wconf 81' lang='grc' dir='ltr'>τᾶλλα.</span> <span class='ocrx_word' id='word_1_104' title='bbox 439 1719 621 1797; x_wconf 61' lang='grc' dir='ltr'>πειράσομαι</span> <span class='ocrx_word' id='word_1_105' title='bbox 635 1719 703 1798; x_wconf 83' lang='grc' dir='ltr'>πρδς</span> <span class='ocrx_word' id='word_1_106' title='bbox 718 1719 789 1791; x_wconf 86' lang='grc' dir='ltr'>ύμοῖς</span> <span class='ocrx_word' id='word_1_107' title='bbox 805 1715 904 1798; x_wconf 75' lang='grc' dir='ltr'>εἰπεῖν,</span> <span class='ocrx_word' id='word_1_108' title='bbox 922 1717 978 1796; x_wconf 85' lang='grc' dir='ltr'>ἐγὼ</span> <span class='ocrx_word' id='word_1_109' title='bbox 995 1717 1020 1777; x_wconf 88' lang='grc' dir='ltr'>δ’</span> <span class='ocrx_word' id='word_1_110' title='bbox 1028 1717 1078 1777; x_wconf 86' lang='grc' dir='ltr'>ούκ</span> <span class='ocrx_word' id='word_1_111' title='bbox 1093 1713 1281 1797; x_wconf 79' lang='grc' dir='ltr'>ἀποτρέψομαι</span> <span class='ocrx_word' id='word_1_112' title='bbox 1296 1715 1390 1793; x_wconf 82' lang='grc' dir='ltr'>λέγειν</span> 
     </span>
     <span class='ocr_line' id='line_1_13' title="bbox 187 1821 1390 1903; baseline -0.002 -23"><span class='ocrx_word' id='word_1_113' title='bbox 187 1829 357 1901; x_wconf 85' lang='lat' dir='ltr'>ceteraque</span> <span class='ocrx_word' id='word_1_114' title='bbox 376 1823 408 1880; x_wconf 89' lang='lat' dir='ltr'>id</span> <span class='ocrx_word' id='word_1_115' title='bbox 428 1844 529 1898; x_wconf 87' lang='lat' dir='ltr'>genus,</span> <span class='ocrx_word' id='word_1_116' title='bbox 553 1845 590 1882; x_wconf 90' lang='lat' dir='ltr'>ne</span> <span class='ocrx_word' id='word_1_117' title='bbox 610 1825 708 1882; x_wconf 91' lang='lat' dir='ltr'>omnia</span> <span class='ocrx_word' id='word_1_118' title='bbox 727 1845 886 1903; x_wconf 90' lang='lat' dir='ltr'>recoquere</span> <span class='ocrx_word' id='word_1_119' title='bbox 906 1825 1020 1885; x_wconf 84' lang='lat' dir='ltr'>videar.</span> <span class='ocrx_word' id='word_1_120' title='bbox 1048 1844 1123 1902; x_wconf 88' lang='lat' dir='ltr'>quae</span> <span class='ocrx_word' id='word_1_121' title='bbox 1146 1823 1202 1881; x_wconf 88' lang='lat' dir='ltr'>etsi</span> <span class='ocrx_word' id='word_1_122' title='bbox 1222 1822 1288 1900; x_wconf 88' lang='lat' dir='ltr'>quis</span> <span class='ocrx_word' id='word_1_123' title='bbox 1311 1821 1390 1878; x_wconf 88' lang='lat' dir='ltr'>dicat</span> 
     </span>
     <span class='ocr_line' id='line_1_14' title="bbox 187 1925 1389 2005; baseline -0.002 -21"><span class='ocrx_word' id='word_1_124' title='bbox 187 1928 298 2003; x_wconf 88' lang='lat' dir='ltr'>potius</span> <span class='ocrx_word' id='word_1_125' title='bbox 309 1929 345 1986; x_wconf 85' lang='lat' dir='ltr'>ad</span> <span class='ocrx_word' id='word_1_126' title='bbox 358 1928 499 1986; x_wconf 84' lang='lat' dir='ltr'>materiae</span> <span class='ocrx_word' id='word_1_127' title='bbox 510 1949 600 2003; x_wconf 86' lang='lat' dir='ltr'>genus</span> <span class='ocrx_word' id='word_1_128' title='bbox 611 1929 717 1987; x_wconf 84' lang='lat' dir='ltr'>referri</span> <span class='ocrx_word' id='word_1_129' title='bbox 730 1935 866 2005; x_wconf 89' lang='lat' dir='ltr'>oportere</span> <span class='ocrx_word' id='word_1_130' title='bbox 882 1933 913 1988; x_wconf 89' lang='lat' dir='ltr'>et</span> <span class='ocrx_word' id='word_1_131' title='bbox 927 1949 1043 2005; x_wconf 86' lang='lat' dir='ltr'>semper</span> <span class='ocrx_word' id='word_1_132' title='bbox 1057 1934 1088 1985; x_wconf 83' lang='lat' dir='ltr'>et</span> <span class='ocrx_word' id='word_1_133' title='bbox 1103 1947 1120 1985; x_wconf 89' lang='lat' dir='ltr'>a</span> <span class='ocrx_word' id='word_1_134' title='bbox 1135 1927 1239 2005; x_wconf 88' lang='lat' dir='ltr'>quovis</span> <span class='ocrx_word' id='word_1_135' title='bbox 1254 1925 1389 2002; x_wconf 87' lang='lat' dir='ltr'>usurpari</span> 
     </span>
     <span class='ocr_line' id='line_1_15' title="bbox 187 2030 1389 2112; baseline -0.002 -22"><span class='ocrx_word' id='word_1_136' title='bbox 187 2033 340 2107; x_wconf 85' lang='lat' dir='ltr'>potuisse,</span> <span class='ocrx_word' id='word_1_137' title='bbox 353 2037 461 2105; x_wconf 87' lang='lat' dir='ltr'>tamen,</span> <span class='ocrx_word' id='word_1_138' title='bbox 474 2033 499 2090; x_wconf 90' lang='lat' dir='ltr'>si</span> <span class='ocrx_word' id='word_1_139' title='bbox 512 2052 585 2110; x_wconf 83' lang='lat' dir='ltr'>quae</span> <span class='ocrx_word' id='word_1_140' title='bbox 597 2039 757 2112; x_wconf 90' lang='lat' dir='ltr'>sequentur</span> <span class='ocrx_word' id='word_1_141' title='bbox 768 2034 944 2105; x_wconf 84' lang='lat' dir='ltr'>consideres,</span> <span class='ocrx_word' id='word_1_142' title='bbox 956 2033 1066 2091; x_wconf 80' lang='lat' dir='ltr'>rectius</span> <span class='ocrx_word' id='word_1_143' title='bbox 1077 2031 1261 2102; x_wconf 86' lang='lat' dir='ltr'>aestimabis;</span> <span class='ocrx_word' id='word_1_144' title='bbox 1278 2051 1345 2088; x_wconf 87' lang='lat' dir='ltr'>nam</span> <span class='ocrx_word' id='word_1_145' title='bbox 1357 2030 1389 2087; x_wconf 90' lang='lat' dir='ltr'>in</span> 
     </span>
     <span class='ocr_line' id='line_1_16' title="bbox 189 2137 1129 2217; baseline 0.002 -23"><span class='ocrx_word' id='word_1_146' title='bbox 189 2137 262 2194; x_wconf 86' lang='lat' dir='ltr'>eius</span> <span class='ocrx_word' id='word_1_147' title='bbox 278 2137 359 2195; x_wconf 89' lang='lat' dir='ltr'>modi</span> <span class='ocrx_word' id='word_1_148' title='bbox 374 2139 461 2196; x_wconf 87' lang='lat' dir='ltr'>rebus</span> <span class='ocrx_word' id='word_1_149' title='bbox 475 2157 632 2196; x_wconf 88' lang='lat' dir='ltr'>numerum</span> <span class='ocrx_word' id='word_1_150' title='bbox 647 2157 764 2216; x_wconf 90' lang='lat' dir='ltr'>quoque</span> <span class='ocrx_word' id='word_1_151' title='bbox 779 2139 893 2217; x_wconf 91' lang='lat' dir='ltr'>aliquid</span> <span class='ocrx_word' id='word_1_152' title='bbox 908 2141 1008 2198; x_wconf 86' lang='lat' dir='ltr'>valere</span> <span class='ocrx_word' id='word_1_153' title='bbox 1023 2144 1129 2196; x_wconf 89' lang='lat' dir='ltr'>statuo.</span> 
     </span>
    </p>

    <p class='ocr_par' dir='ltr' id='par_1_4' title="bbox 190 2243 1390 2740">
     <span class='ocr_line' id='line_1_17' title="bbox 303 2243 1388 2321; baseline -0.002 -21"><span class='ocrx_word' id='word_1_154' title='bbox 303 2244 369 2300; x_wconf 89' lang='lat' dir='ltr'>Iam</span> <span class='ocrx_word' id='word_1_155' title='bbox 391 2244 469 2301; x_wconf 88' lang='lat' dir='ltr'>locos</span> <span class='ocrx_word' id='word_1_156' title='bbox 491 2263 600 2314; x_wconf 88' lang='lat' dir='ltr'>omncs,</span> <span class='ocrx_word' id='word_1_157' title='bbox 622 2243 684 2321; x_wconf 91' lang='lat' dir='ltr'>qui,</span> <span class='ocrx_word' id='word_1_158' title='bbox 708 2244 733 2301; x_wconf 94' lang='lat' dir='ltr'>si</span> <span class='ocrx_word' id='word_1_159' title='bbox 752 2244 949 2302; x_wconf 91' lang='lat' dir='ltr'>elocutionem</span> <span class='ocrx_word' id='word_1_160' title='bbox 969 2249 1000 2302; x_wconf 86' lang='lat' dir='ltr'>et</span> <span class='ocrx_word' id='word_1_161' title='bbox 1019 2243 1134 2318; x_wconf 88' lang='lat' dir='ltr'>singula</span> <span class='ocrx_word' id='word_1_162' title='bbox 1153 2244 1243 2302; x_wconf 86' lang='lat' dir='ltr'>verba</span> <span class='ocrx_word' id='word_1_163' title='bbox 1265 2247 1388 2318; x_wconf 88' lang='lat' dir='ltr'>spectas,</span> 
     </span>
     <span class='ocr_line' id='line_1_18' title="bbox 190 2345 1388 2425; baseline 0.002 -23"><span class='ocrx_word' id='word_1_164' title='bbox 190 2345 279 2404; x_wconf 84' lang='lat' dir='ltr'>inter</span> <span class='ocrx_word' id='word_1_165' title='bbox 291 2367 321 2404; x_wconf 92' lang='lat' dir='ltr'>se</span> <span class='ocrx_word' id='word_1_166' title='bbox 332 2351 394 2405; x_wconf 89' lang='lat' dir='ltr'>tam</span> <span class='ocrx_word' id='word_1_167' title='bbox 405 2347 516 2404; x_wconf 88' lang='lat' dir='ltr'>similes</span> <span class='ocrx_word' id='word_1_168' title='bbox 528 2353 596 2406; x_wconf 90' lang='lat' dir='ltr'>sunt</span> <span class='ocrx_word' id='word_1_169' title='bbox 608 2367 695 2425; x_wconf 90' lang='lat' dir='ltr'>quam</span> <span class='ocrx_word' id='word_1_170' title='bbox 706 2353 740 2406; x_wconf 90' lang='lat' dir='ltr'>ut</span> <span class='ocrx_word' id='word_1_171' title='bbox 752 2348 840 2405; x_wconf 90' lang='lat' dir='ltr'>estin</span> <span class='ocrx_word' id='word_1_172' title='bbox 852 2349 1007 2425; x_wconf 82' lang='lat' dir='ltr'>proverbio</span> <span class='ocrx_word' id='word_1_173' title='bbox 1023 2367 1078 2408; x_wconf 88' lang='lat' dir='ltr'>ovo</span> <span class='ocrx_word' id='word_1_174' title='bbox 1094 2367 1191 2417; x_wconf 86' lang='lat' dir='ltr'>ovum,</span> <span class='ocrx_word' id='word_1_175' title='bbox 1208 2365 1388 2422; x_wconf 84' lang='lat' dir='ltr'>componam.</span> 
     </span>
     <span class='ocr_line' id='line_1_19' title="bbox 193 2448 1390 2529; baseline 0.001 -23"><span class='ocrx_word' id='word_1_176' title='bbox 193 2471 240 2525; x_wconf 90' lang='lat' dir='ltr'>pr.</span> <span class='ocrx_word' id='word_1_177' title='bbox 261 2455 312 2521; x_wconf 88' lang='grc'>48,</span> <span class='ocrx_word' id='word_1_178' title='bbox 328 2471 341 2510; x_wconf 89' lang='lat' dir='ltr'>s</span> <span class='ocrx_word' id='word_1_179' title='bbox 359 2448 403 2507; x_wconf 85' lang='grc' dir='ltr'>ἵνα</span> <span class='ocrx_word' id='word_1_180' title='bbox 419 2449 457 2524; x_wconf 86' lang='grc' dir='ltr'>μὴ</span> <span class='ocrx_word' id='word_1_181' title='bbox 472 2452 575 2522; x_wconf 84' lang='grc' dir='ltr'>πάντας</span> <span class='ocrx_word' id='word_1_182' title='bbox 589 2449 682 2528; x_wconf 57' lang='lat' dir='ltr'>lepus:</span> <span class='ocrx_word' id='word_1_183' title='bbox 702 2473 745 2529; x_wconf 90' lang='lat' dir='ltr'>pr.</span> <span class='ocrx_word' id='word_1_184' title='bbox 765 2456 814 2524; x_wconf 86' lang='lat'>53,</span> <span class='ocrx_word' id='word_1_185' title='bbox 831 2450 901 2510; x_wconf 72' lang='lat' dir='ltr'>sivo</span> <span class='ocrx_word' id='word_1_186' title='bbox 917 2451 955 2525; x_wconf 85' lang='grc' dir='ltr'>μὴ</span> <span class='ocrx_word' id='word_1_187' title='bbox 970 2452 1074 2521; x_wconf 83' lang='grc' dir='ltr'>πάντας</span> <span class='ocrx_word' id='word_1_188' title='bbox 1089 2448 1166 2509; x_wconf 86' lang='grc' dir='ltr'>εἴπω.</span> <span class='ocrx_word' id='word_1_189' title='bbox 1186 2483 1230 2492; x_wconf 95' lang='grc'>-</span> <span class='ocrx_word' id='word_1_190' title='bbox 1249 2471 1292 2526; x_wconf 87' lang='lat' dir='ltr'>pr.</span> <span class='ocrx_word' id='word_1_191' title='bbox 1313 2455 1361 2520; x_wconf 82' lang='grc'>17,</span> <span class='ocrx_word' id='word_1_192' title='bbox 1378 2469 1390 2507; x_wconf 83' lang='lat' dir='ltr'>a</span> 
     </span>
     <span class='ocr_line' id='line_1_20' title="bbox 194 2549 1390 2632; baseline -0.001 -21"><span class='ocrx_word' id='word_1_193' title='bbox 194 2553 275 2624; x_wconf 69' lang='grc' dir='ltr'>ὅπως</span> <span class='ocrx_word' id='word_1_194' title='bbox 291 2550 319 2612; x_wconf 87' lang='grc' dir='ltr'>εύ</span> <span class='ocrx_word' id='word_1_195' title='bbox 336 2549 442 2625; x_wconf 80' lang='grc' dir='ltr'>δόξουσι</span> <span class='ocrx_word' id='word_1_196' title='bbox 461 2554 568 2632; x_wconf 62' lang='grc' dir='ltr'>λέγειν</span> <span class='ocrx_word' id='word_1_197' title='bbox 589 2577 633 2632; x_wconf 92' lang='lat' dir='ltr'>pr.</span> <span class='ocrx_word' id='word_1_198' title='bbox 652 2561 702 2629; x_wconf 91' lang='grc'>32,</span> <span class='ocrx_word' id='word_1_199' title='bbox 719 2577 730 2615; x_wconf 89' lang='lat'>1</span> <span class='ocrx_word' id='word_1_200' title='bbox 751 2557 825 2625; x_wconf 78' lang='grc' dir='ltr'>ὅπως</span> <span class='ocrx_word' id='word_1_201' title='bbox 841 2553 871 2614; x_wconf 75' lang='lat' dir='ltr'>el</span> <span class='ocrx_word' id='word_1_202' title='bbox 888 2551 993 2628; x_wconf 85' lang='grc' dir='ltr'>δόξουσι</span> <span class='ocrx_word' id='word_1_203' title='bbox 1008 2556 1113 2632; x_wconf 77' lang='grc' dir='ltr'>λέγειν.</span> <span class='ocrx_word' id='word_1_204' title='bbox 1133 2588 1176 2597; x_wconf 97' lang='grc'>-</span> <span class='ocrx_word' id='word_1_205' title='bbox 1195 2575 1238 2632; x_wconf 92' lang='grc' dir='ltr'>ρο.</span> <span class='ocrx_word' id='word_1_206' title='bbox 1257 2560 1286 2626; x_wconf 90' lang='grc'>6,</span> <span class='ocrx_word' id='word_1_207' title='bbox 1303 2576 1314 2612; x_wconf 96' lang='lat'>1</span> <span class='ocrx_word' id='word_1_208' title='bbox 1329 2549 1390 2632; x_wconf 86' lang='grc' dir='ltr'>πρὶν</span> 
     </span>
     <span class='ocr_line' id='line_1_21' title="bbox 195 2654 1388 2740; baseline 0.003 -26"><span class='ocrx_word' id='word_1_209' title='bbox 195 2654 238 2726; x_wconf 78' lang='grc' dir='ltr'>εἰς</span> <span class='ocrx_word' id='word_1_210' title='bbox 259 2657 308 2730; x_wconf 78' lang='grc' dir='ltr'>τὴν</span> <span class='ocrx_word' id='word_1_211' title='bbox 329 2656 479 2732; x_wconf 77' lang='grc' dir='ltr'>ἐκκλησίαν</span> <span class='ocrx_word' id='word_1_212' title='bbox 500 2656 647 2734; x_wconf 74' lang='grc' dir='ltr'>άναβῆναιε</span> <span class='ocrx_word' id='word_1_213' title='bbox 665 2683 707 2739; x_wconf 91' lang='grc' dir='ltr'>ρο.</span> <span class='ocrx_word' id='word_1_214' title='bbox 724 2667 772 2733; x_wconf 92' lang='grc'>14,</span> <span class='ocrx_word' id='word_1_215' title='bbox 787 2683 798 2719; x_wconf 96' lang='lat'>1</span> <span class='ocrx_word' id='word_1_216' title='bbox 813 2658 875 2740; x_wconf 83' lang='grc' dir='ltr'>πρὶν</span> <span class='ocrx_word' id='word_1_217' title='bbox 892 2659 941 2735; x_wconf 90' lang='grc' dir='ltr'>μέν</span> <span class='ocrx_word' id='word_1_218' title='bbox 959 2658 998 2731; x_wconf 86' lang='grc' dir='ltr'>εἰς</span> <span class='ocrx_word' id='word_1_219' title='bbox 1011 2660 1060 2734; x_wconf 72' lang='grc' dir='ltr'>τὴν</span> <span class='ocrx_word' id='word_1_220' title='bbox 1076 2656 1228 2732; x_wconf 79' lang='grc' dir='ltr'>ἐκκλησίαν</span> <span class='ocrx_word' id='word_1_221' title='bbox 1244 2655 1388 2732; x_wconf 81' lang='grc' dir='ltr'>ἀναβῆναι.</span> 
     </span>
    </p>
   </div>
   <div class='ocr_carea' id='block_1_3' title="bbox 194 2762 1390 2948">
    <p class='ocr_par' dir='ltr' id='par_1_5' title="bbox 194 2762 1390 2948">
     <span class='ocr_line' id='line_1_22' title="bbox 194 2762 1389 2844; baseline -0.002 -22"><span class='ocrx_word' id='word_1_222' title='bbox 194 2795 241 2805; x_wconf 91' lang='grc'><strong>-</strong></span> <span class='ocrx_word' id='word_1_223' title='bbox 257 2785 302 2840; x_wconf 87' lang='grc' dir='ltr'>ρο.</span> <span class='ocrx_word' id='word_1_224' title='bbox 320 2769 370 2835; x_wconf 98' lang='grc'>30,</span> <span class='ocrx_word' id='word_1_225' title='bbox 394 2785 405 2822; x_wconf 94' lang='lat'>1</span> <span class='ocrx_word' id='word_1_226' title='bbox 426 2764 471 2822; x_wconf 79' lang='grc' dir='ltr'>ὅτε</span> <span class='ocrx_word' id='word_1_227' title='bbox 486 2771 592 2842; x_wconf 85' lang='grc' dir='ltr'>πρῶτον</span> <span class='ocrx_word' id='word_1_228' title='bbox 609 2762 801 2837; x_wconf 61' lang='grc' dir='ltr'>ἐβουλεύεσθε</span> <span class='ocrx_word' id='word_1_229' title='bbox 818 2788 862 2844; x_wconf 85' lang='grc' dir='ltr'>ρο.</span> <span class='ocrx_word' id='word_1_230' title='bbox 880 2771 930 2838; x_wconf 91' lang='grc'>35,</span> <span class='ocrx_word' id='word_1_231' title='bbox 947 2787 958 2824; x_wconf 93' lang='lat'>1</span> <span class='ocrx_word' id='word_1_232' title='bbox 975 2765 1014 2824; x_wconf 82' lang='grc' dir='ltr'>ὅτ’</span> <span class='ocrx_word' id='word_1_233' title='bbox 1031 2763 1208 2837; x_wconf 82' lang='grc' dir='ltr'>ἐβουλεύεσθε</span> <span class='ocrx_word' id='word_1_234' title='bbox 1224 2763 1254 2821; x_wconf 80' lang='grc' dir='ltr'>τύ</span> <span class='ocrx_word' id='word_1_235' title='bbox 1269 2766 1389 2841; x_wconf 84' lang='grc' dir='ltr'>πρῶτον,</span> 
     </span>
     <span class='ocr_line' id='line_1_23' title="bbox 195 2858 1390 2948; baseline 0.001 -24"><span class='ocrx_word' id='word_1_236' title='bbox 195 2869 235 2925; x_wconf 82' lang='lat' dir='ltr'>cf.</span> <span class='ocrx_word' id='word_1_237' title='bbox 253 2868 345 2927; x_wconf 88' lang='lat' dir='ltr'>ctiam</span> <span class='ocrx_word' id='word_1_238' title='bbox 359 2889 403 2945; x_wconf 90' lang='lat' dir='ltr'>pr.</span> <span class='ocrx_word' id='word_1_239' title='bbox 422 2874 471 2942; x_wconf 93' lang='grc'>29,</span> <span class='ocrx_word' id='word_1_240' title='bbox 489 2890 500 2927; x_wconf 92' lang='lat'>1</span> <span class='ocrx_word' id='word_1_241' title='bbox 516 2868 555 2926; x_wconf 80' lang='grc' dir='ltr'>ὅτ’</span> <span class='ocrx_word' id='word_1_242' title='bbox 565 2867 754 2941; x_wconf 81' lang='grc' dir='ltr'>ἐβουλεύεσθε.</span> <span class='ocrx_word' id='word_1_243' title='bbox 767 2858 810 2912; x_wconf 76' lang='lat'>.&#39;</span> <span class='ocrx_word' id='word_1_244' title='bbox 825 2892 869 2948; x_wconf 87' lang='lat' dir='ltr'>pr.</span> <span class='ocrx_word' id='word_1_245' title='bbox 888 2876 937 2941; x_wconf 91' lang='grc'>22,</span> <span class='ocrx_word' id='word_1_246' title='bbox 955 2891 967 2928; x_wconf 86' lang='lat' dir='ltr'>a</span> <span class='ocrx_word' id='word_1_247' title='bbox 982 2869 997 2927; x_wconf 84' lang='grc' dir='ltr'>δ</span> <span class='ocrx_word' id='word_1_248' title='bbox 1013 2869 1051 2943; x_wconf 85' lang='grc' dir='ltr'>μὴ</span> <span class='ocrx_word' id='word_1_249' title='bbox 1068 2865 1201 2941; x_wconf 74' lang='grc' dir='ltr'>συμβαύηε</span> <span class='ocrx_word' id='word_1_250' title='bbox 1218 2889 1261 2945; x_wconf 93' lang='grc' dir='ltr'>ρο.</span> <span class='ocrx_word' id='word_1_251' title='bbox 1281 2873 1330 2940; x_wconf 94' lang='grc'>26,</span> <span class='ocrx_word' id='word_1_252' title='bbox 1347 2867 1390 2926; x_wconf 80' lang='grc' dir='ltr'>οδ</span> 
     </span>
    </p>
   </div>
   <div class='ocr_carea' id='block_1_4' title="bbox 196 2968 1390 4200">
    <p class='ocr_par' dir='ltr' id='par_1_6' title="bbox 196 2968 1390 4200">
     <span class='ocr_line' id='line_1_24' title="bbox 197 2968 1388 3053; baseline 0.001 -25"><span class='ocrx_word' id='word_1_253' title='bbox 197 2968 237 3044; x_wconf 85' lang='grc' dir='ltr'>μὴ</span> <span class='ocrx_word' id='word_1_254' title='bbox 254 2970 384 3045; x_wconf 74' lang='grc' dir='ltr'>συμβαίη.</span> <span class='ocrx_word' id='word_1_255' title='bbox 404 3007 447 3016; x_wconf 90' lang='grc'>-</span> <span class='ocrx_word' id='word_1_256' title='bbox 469 2996 513 3052; x_wconf 89' lang='grc' dir='ltr'>ρο.</span> <span class='ocrx_word' id='word_1_257' title='bbox 532 2980 581 3046; x_wconf 93' lang='grc'>23,</span> <span class='ocrx_word' id='word_1_258' title='bbox 598 2996 611 3036; x_wconf 78' lang='lat' dir='ltr'>a</span> <span class='ocrx_word' id='word_1_259' title='bbox 631 2975 697 3053; x_wconf 80' lang='grc' dir='ltr'>ὅπερ</span> <span class='ocrx_word' id='word_1_260' title='bbox 713 2971 768 3033; x_wconf 82' lang='grc' dir='ltr'>νυνὶ</span> <span class='ocrx_word' id='word_1_261' title='bbox 783 2973 919 3053; x_wconf 76' lang='grc' dir='ltr'>γίγνεταιε</span> <span class='ocrx_word' id='word_1_262' title='bbox 944 2997 987 3053; x_wconf 91' lang='lat' dir='ltr'>pr.</span> <span class='ocrx_word' id='word_1_263' title='bbox 1006 2980 1055 3047; x_wconf 83' lang='lat'>34,</span> <span class='ocrx_word' id='word_1_264' title='bbox 1073 2996 1084 3033; x_wconf 92' lang='lat'>1</span> <span class='ocrx_word' id='word_1_265' title='bbox 1100 2973 1115 3031; x_wconf 82' lang='grc' dir='ltr'>δ</span> <span class='ocrx_word' id='word_1_266' title='bbox 1129 2969 1185 3030; x_wconf 88' lang='grc' dir='ltr'>νυνὶ</span> <span class='ocrx_word' id='word_1_267' title='bbox 1200 2972 1330 3051; x_wconf 61' lang='grc' dir='ltr'>γίγνεται.</span> <span class='ocrx_word' id='word_1_268' title='bbox 1348 3005 1388 3014; x_wconf 89' lang='lat'>-</span> 
     </span>
     <span class='ocr_line' id='line_1_25' title="bbox 196 3075 1388 3157; baseline 0 -23"><span class='ocrx_word' id='word_1_269' title='bbox 196 3097 242 3152; x_wconf 88' lang='lat' dir='ltr'>pr.</span> <span class='ocrx_word' id='word_1_270' title='bbox 261 3082 291 3148; x_wconf 92' lang='grc'>2,</span> <span class='ocrx_word' id='word_1_271' title='bbox 307 3097 320 3135; x_wconf 80' lang='lat'>4</span> <span class='ocrx_word' id='word_1_272' title='bbox 335 3077 374 3145; x_wconf 88' lang='grc' dir='ltr'>ὡς</span> <span class='ocrx_word' id='word_1_273' title='bbox 390 3075 446 3154; x_wconf 77' lang='grc' dir='ltr'>ἐγὼ</span> <span class='ocrx_word' id='word_1_274' title='bbox 461 3075 557 3156; x_wconf 76' lang='grc' dir='ltr'>κρίνωε</span> <span class='ocrx_word' id='word_1_275' title='bbox 573 3100 617 3156; x_wconf 87' lang='lat' dir='ltr'>pr.</span> <span class='ocrx_word' id='word_1_276' title='bbox 633 3084 660 3151; x_wconf 91' lang='grc'>6,</span> <span class='ocrx_word' id='word_1_277' title='bbox 677 3100 689 3137; x_wconf 92' lang='lat'>1</span> <span class='ocrx_word' id='word_1_278' title='bbox 705 3078 743 3148; x_wconf 87' lang='grc' dir='ltr'>ὡς</span> <span class='ocrx_word' id='word_1_279' title='bbox 760 3077 809 3152; x_wconf 85' lang='grc' dir='ltr'>μὲν</span> <span class='ocrx_word' id='word_1_280' title='bbox 826 3078 884 3157; x_wconf 82' lang='grc' dir='ltr'>ἐγὼ</span> <span class='ocrx_word' id='word_1_281' title='bbox 899 3077 991 3156; x_wconf 88' lang='grc' dir='ltr'>κρίνω.</span> <span class='ocrx_word' id='word_1_282' title='bbox 1004 3112 1046 3121; x_wconf 93' lang='grc'><strong>-</strong></span> <span class='ocrx_word' id='word_1_283' title='bbox 1060 3101 1102 3156; x_wconf 91' lang='grc' dir='ltr'>ρο.</span> <span class='ocrx_word' id='word_1_284' title='bbox 1118 3083 1168 3149; x_wconf 89' lang='grc'>23,</span> <span class='ocrx_word' id='word_1_285' title='bbox 1185 3076 1255 3136; x_wconf 75' lang='grc' dir='ltr'>οἴνα</span> <span class='ocrx_word' id='word_1_286' title='bbox 1271 3075 1309 3150; x_wconf 80' lang='grc' dir='ltr'>μὴ</span> <span class='ocrx_word' id='word_1_287' title='bbox 1326 3095 1388 3134; x_wconf 91' lang='grc' dir='ltr'>συν-</span> 
     </span>
     <span class='ocr_line' id='line_1_26' title="bbox 198 3175 1390 3263; baseline 0.003 -26"><span class='ocrx_word' id='word_1_288' title='bbox 198 3179 321 3254; x_wconf 65' lang='lat' dir='ltr'>laesas:</span> <span class='ocrx_word' id='word_1_289' title='bbox 336 3203 380 3259; x_wconf 87' lang='grc' dir='ltr'>ρο.</span> <span class='ocrx_word' id='word_1_290' title='bbox 395 3187 444 3255; x_wconf 90' lang='grc'>35,</span> <span class='ocrx_word' id='word_1_291' title='bbox 458 3203 469 3241; x_wconf 96' lang='lat'>1</span> <span class='ocrx_word' id='word_1_292' title='bbox 484 3181 579 3259; x_wconf 82' lang='grc' dir='ltr'>ἵναμὴ</span> <span class='ocrx_word' id='word_1_293' title='bbox 592 3182 754 3257; x_wconf 86' lang='grc' dir='ltr'>συνέβαινεν.</span> <span class='ocrx_word' id='word_1_294' title='bbox 772 3219 814 3228; x_wconf 98' lang='grc'>-</span> <span class='ocrx_word' id='word_1_295' title='bbox 829 3206 873 3262; x_wconf 93' lang='grc' dir='ltr'>ρο.</span> <span class='ocrx_word' id='word_1_296' title='bbox 888 3190 963 3256; x_wconf 70' lang='lat' dir='ltr'>uas</span> <span class='ocrx_word' id='word_1_297' title='bbox 980 3183 1020 3261; x_wconf 86' lang='grc' dir='ltr'>ἐρ’</span> <span class='ocrx_word' id='word_1_298' title='bbox 1029 3175 1067 3240; x_wconf 76' lang='grc' dir='ltr'>ὧν</span> <span class='ocrx_word' id='word_1_299' title='bbox 1078 3186 1122 3242; x_wconf 89' lang='grc' dir='ltr'>νύν</span> <span class='ocrx_word' id='word_1_300' title='bbox 1135 3181 1197 3241; x_wconf 88' lang='grc' dir='ltr'>ἐστε</span> <span class='ocrx_word' id='word_1_301' title='bbox 1205 3177 1245 3263; x_wconf 84' lang='lat'>²):</span> <span class='ocrx_word' id='word_1_302' title='bbox 1262 3203 1306 3260; x_wconf 92' lang='lat' dir='ltr'>pr.</span> <span class='ocrx_word' id='word_1_303' title='bbox 1318 3187 1390 3253; x_wconf 79' lang='lat' dir='ltr'>33‚s</span> 
     </span>
     <span class='ocr_line' id='line_1_27' title="bbox 197 3277 1389 3368; baseline 0.002 -26"><span class='ocrx_word' id='word_1_304' title='bbox 197 3277 288 3362; x_wconf 75' lang='grc' dir='ltr'>ἐρίἷνν</span> <span class='ocrx_word' id='word_1_305' title='bbox 301 3282 405 3368; x_wconf 55' lang='lat' dir='ltr'>istest)</span> <span class='ocrx_word' id='word_1_306' title='bbox 421 3321 463 3330; x_wconf 99' lang='lat'><strong>—</strong></span> <span class='ocrx_word' id='word_1_307' title='bbox 478 3309 523 3365; x_wconf 89' lang='lat' dir='ltr'>pr.</span> <span class='ocrx_word' id='word_1_308' title='bbox 537 3294 586 3360; x_wconf 88' lang='grc'>29,</span> <span class='ocrx_word' id='word_1_309' title='bbox 600 3309 612 3347; x_wconf 80' lang='grc' dir='ltr'>ο</span> <span class='ocrx_word' id='word_1_310' title='bbox 627 3284 688 3365; x_wconf 83' lang='grc' dir='ltr'>πρὶν</span> <span class='ocrx_word' id='word_1_311' title='bbox 704 3288 846 3367; x_wconf 76' lang='grc' dir='ltr'>άμοιρτεῖνι</span> <span class='ocrx_word' id='word_1_312' title='bbox 862 3310 906 3366; x_wconf 87' lang='grc' dir='ltr'>ρο.</span> <span class='ocrx_word' id='word_1_313' title='bbox 923 3294 972 3360; x_wconf 90' lang='grc'>32,</span> <span class='ocrx_word' id='word_1_314' title='bbox 985 3309 998 3347; x_wconf 77' lang='grc' dir='ltr'>ι</span> <span class='ocrx_word' id='word_1_315' title='bbox 1012 3285 1072 3367; x_wconf 87' lang='grc' dir='ltr'>πρὶν</span> <span class='ocrx_word' id='word_1_316' title='bbox 1089 3287 1232 3366; x_wconf 88' lang='grc' dir='ltr'>άμαρτεῖν,</span> <span class='ocrx_word' id='word_1_317' title='bbox 1249 3288 1286 3346; x_wconf 86' lang='lat' dir='ltr'>cf.</span> <span class='ocrx_word' id='word_1_318' title='bbox 1299 3287 1389 3345; x_wconf 85' lang='lat' dir='ltr'>ctiam</span> 
     </span>
     <span class='ocr_line' id='line_1_28' title="bbox 197 3389 1390 3472; baseline -0.003 -23"><span class='ocrx_word' id='word_1_319' title='bbox 197 3411 243 3466; x_wconf 87' lang='lat' dir='ltr'>pr.</span> <span class='ocrx_word' id='word_1_320' title='bbox 262 3396 312 3463; x_wconf 89' lang='grc'>26,</span> <span class='ocrx_word' id='word_1_321' title='bbox 329 3411 341 3449; x_wconf 83' lang='lat' dir='ltr'>a</span> <span class='ocrx_word' id='word_1_322' title='bbox 357 3389 483 3449; x_wconf 83' lang='grc' dir='ltr'>ὅτόύδέν</span> <span class='ocrx_word' id='word_1_323' title='bbox 497 3389 652 3471; x_wconf 84' lang='grc' dir='ltr'>ἡμάρτηταί</span> <span class='ocrx_word' id='word_1_324' title='bbox 666 3390 753 3472; x_wconf 56' lang='lat' dir='ltr'>aest)</span> <span class='ocrx_word' id='word_1_325' title='bbox 768 3427 811 3436; x_wconf 90' lang='lat'>—</span> <span class='ocrx_word' id='word_1_326' title='bbox 826 3414 870 3471; x_wconf 86' lang='lat' dir='ltr'>pr.</span> <span class='ocrx_word' id='word_1_327' title='bbox 889 3399 938 3465; x_wconf 95' lang='grc'>21,</span> <span class='ocrx_word' id='word_1_328' title='bbox 956 3415 967 3451; x_wconf 96' lang='lat'>1</span> <span class='ocrx_word' id='word_1_329' title='bbox 982 3391 1069 3470; x_wconf 76' lang='grc' dir='ltr'>λόγου</span> <span class='ocrx_word' id='word_1_330' title='bbox 1084 3393 1188 3468; x_wconf 76' lang='grc' dir='ltr'>τυχεῖνε</span> <span class='ocrx_word' id='word_1_331' title='bbox 1205 3413 1248 3469; x_wconf 87' lang='lat' dir='ltr'>pr.</span> <span class='ocrx_word' id='word_1_332' title='bbox 1266 3396 1316 3463; x_wconf 90' lang='grc'>26,</span> <span class='ocrx_word' id='word_1_333' title='bbox 1333 3411 1345 3449; x_wconf 85' lang='lat' dir='ltr'>s</span> <span class='ocrx_word' id='word_1_334' title='bbox 1360 3390 1390 3446; x_wconf 85' lang='grc' dir='ltr'>τ“ο</span> 
     </span>
     <span class='ocr_line' id='line_1_29' title="bbox 197 3492 1387 3575; baseline 0.001 -24"><span class='ocrx_word' id='word_1_335' title='bbox 197 3492 286 3571; x_wconf 79' lang='grc' dir='ltr'>λόγου</span> <span class='ocrx_word' id='word_1_336' title='bbox 300 3496 403 3571; x_wconf 76' lang='grc' dir='ltr'>τυχεῖνε</span> <span class='ocrx_word' id='word_1_337' title='bbox 420 3517 463 3573; x_wconf 82' lang='grc' dir='ltr'>ρο.</span> <span class='ocrx_word' id='word_1_338' title='bbox 478 3501 528 3568; x_wconf 88' lang='grc'>49,</span> <span class='ocrx_word' id='word_1_339' title='bbox 544 3517 557 3555; x_wconf 78' lang='grc' dir='ltr'>ε</span> <span class='ocrx_word' id='word_1_340' title='bbox 572 3494 658 3573; x_wconf 82' lang='grc' dir='ltr'>λύγου</span> <span class='ocrx_word' id='word_1_341' title='bbox 672 3497 778 3574; x_wconf 80' lang='grc' dir='ltr'>τυχεῖν,</span> <span class='ocrx_word' id='word_1_342' title='bbox 794 3499 832 3557; x_wconf 86' lang='lat' dir='ltr'>ef.</span> <span class='ocrx_word' id='word_1_343' title='bbox 849 3498 940 3556; x_wconf 86' lang='lat' dir='ltr'>ctiam</span> <span class='ocrx_word' id='word_1_344' title='bbox 954 3519 998 3575; x_wconf 87' lang='grc' dir='ltr'>ρο.</span> <span class='ocrx_word' id='word_1_345' title='bbox 1013 3502 1063 3569; x_wconf 89' lang='grc'>34,</span> <span class='ocrx_word' id='word_1_346' title='bbox 1079 3518 1093 3555; x_wconf 85' lang='lat'>4</span> <span class='ocrx_word' id='word_1_347' title='bbox 1107 3495 1193 3573; x_wconf 74' lang='grc' dir='ltr'>λόγου</span> <span class='ocrx_word' id='word_1_348' title='bbox 1209 3494 1247 3569; x_wconf 83' lang='grc' dir='ltr'>μὴ</span> <span class='ocrx_word' id='word_1_349' title='bbox 1262 3495 1387 3570; x_wconf 77' lang='grc' dir='ltr'>τυχόντα.</span> 
     </span>
     <span class='ocr_line' id='line_1_30' title="bbox 200 3597 1387 3679; baseline -0.001 -21"><span class='ocrx_word' id='word_1_350' title='bbox 200 3631 240 3641; x_wconf 94' lang='grc'>-</span> <span class='ocrx_word' id='word_1_351' title='bbox 250 3619 294 3675; x_wconf 90' lang='lat' dir='ltr'>pr.</span> <span class='ocrx_word' id='word_1_352' title='bbox 305 3605 354 3672; x_wconf 90' lang='grc'>20,</span> <span class='ocrx_word' id='word_1_353' title='bbox 368 3621 379 3659; x_wconf 93' lang='lat'>1</span> <span class='ocrx_word' id='word_1_354' title='bbox 391 3599 437 3657; x_wconf 80' lang='grc' dir='ltr'>ὅτι</span> <span class='ocrx_word' id='word_1_355' title='bbox 447 3597 586 3673; x_wconf 86' lang='grc' dir='ltr'>βέλτιστον</span> <span class='ocrx_word' id='word_1_356' title='bbox 596 3601 840 3677; x_wconf 74' lang='grc' dir='ltr'>ἐκαστοςὴγεῖταιι</span> <span class='ocrx_word' id='word_1_357' title='bbox 853 3623 896 3679; x_wconf 90' lang='grc' dir='ltr'>ρο.</span> <span class='ocrx_word' id='word_1_358' title='bbox 908 3605 957 3673; x_wconf 91' lang='grc'>35,</span> <span class='ocrx_word' id='word_1_359' title='bbox 967 3622 978 3659; x_wconf 94' lang='lat'>1</span> <span class='ocrx_word' id='word_1_360' title='bbox 988 3601 1034 3658; x_wconf 82' lang='grc' dir='ltr'>ὅτι</span> <span class='ocrx_word' id='word_1_361' title='bbox 1044 3600 1148 3678; x_wconf 86' lang='grc' dir='ltr'>άριστον</span> <span class='ocrx_word' id='word_1_362' title='bbox 1157 3600 1271 3670; x_wconf 85' lang='grc' dir='ltr'>ἕκαστος</span> <span class='ocrx_word' id='word_1_363' title='bbox 1280 3599 1387 3674; x_wconf 70' lang='grc' dir='ltr'>ἠγάσω</span> 
     </span>
     <span class='ocr_line' id='line_1_31' title="bbox 198 3701 1390 3785; baseline -0.001 -24"><span class='ocrx_word' id='word_1_364' title='bbox 198 3723 245 3779; x_wconf 93' lang='grc' dir='ltr'>ρο.</span> <span class='ocrx_word' id='word_1_365' title='bbox 259 3707 308 3775; x_wconf 79' lang='grc'>47,</span> <span class='ocrx_word' id='word_1_366' title='bbox 333 3724 344 3762; x_wconf 89' lang='lat'>1</span> <span class='ocrx_word' id='word_1_367' title='bbox 365 3704 383 3761; x_wconf 84' lang='grc' dir='ltr'>οἳ</span> <span class='ocrx_word' id='word_1_368' title='bbox 402 3702 522 3777; x_wconf 80' lang='grc' dir='ltr'>βέλτισθ’</span> <span class='ocrx_word' id='word_1_369' title='bbox 533 3705 646 3773; x_wconf 84' lang='grc' dir='ltr'>ἕκαστος</span> <span class='ocrx_word' id='word_1_370' title='bbox 665 3705 772 3782; x_wconf 80' lang='grc' dir='ltr'>ἡγεῖται</span> <span class='ocrx_word' id='word_1_371' title='bbox 791 3709 824 3785; x_wconf 76' lang='grc' dir='ltr'>τῇ</span> <span class='ocrx_word' id='word_1_372' title='bbox 843 3703 935 3764; x_wconf 79' lang='grc' dir='ltr'>πόλει.</span> <span class='ocrx_word' id='word_1_373' title='bbox 955 3738 998 3748; x_wconf 92' lang='grc'>-</span> <span class='ocrx_word' id='word_1_374' title='bbox 1017 3727 1061 3782; x_wconf 88' lang='lat' dir='ltr'>pr.</span> <span class='ocrx_word' id='word_1_375' title='bbox 1081 3709 1130 3776; x_wconf 91' lang='grc'>25,</span> <span class='ocrx_word' id='word_1_376' title='bbox 1148 3725 1160 3763; x_wconf 83' lang='lat' dir='ltr'>s</span> <span class='ocrx_word' id='word_1_377' title='bbox 1178 3706 1222 3762; x_wconf 94' lang='grc' dir='ltr'>νύν</span> <span class='ocrx_word' id='word_1_378' title='bbox 1243 3701 1268 3760; x_wconf 81' lang='grc' dir='ltr'>δ’</span> <span class='ocrx_word' id='word_1_379' title='bbox 1277 3701 1390 3761; x_wconf 85' lang='grc' dir='ltr'>ἀκούετε</span> 
     </span>
     <span class='ocr_line' id='line_1_32' title="bbox 199 3804 1389 3888; baseline 0.001 -25"><span class='ocrx_word' id='word_1_380' title='bbox 199 3804 251 3878; x_wconf 86' lang='grc' dir='ltr'>Ιυέν</span> <span class='ocrx_word' id='word_1_381' title='bbox 270 3810 323 3864; x_wconf 84' lang='grc' dir='ltr'>τῶν</span> <span class='ocrx_word' id='word_1_382' title='bbox 344 3809 361 3865; x_wconf 84' lang='grc' dir='ltr'>ά</span> <span class='ocrx_word' id='word_1_383' title='bbox 381 3807 513 3881; x_wconf 91' lang='grc' dir='ltr'>βούλεσθε</span> <span class='ocrx_word' id='word_1_384' title='bbox 535 3807 688 3886; x_wconf 78' lang='grc' dir='ltr'>λεγόντωνε</span> <span class='ocrx_word' id='word_1_385' title='bbox 712 3831 755 3887; x_wconf 83' lang='grc' dir='ltr'>ρο.</span> <span class='ocrx_word' id='word_1_386' title='bbox 771 3815 820 3882; x_wconf 88' lang='grc'>26,</span> <span class='ocrx_word' id='word_1_387' title='bbox 837 3831 850 3868; x_wconf 84' lang='lat' dir='ltr'>s</span> <span class='ocrx_word' id='word_1_388' title='bbox 870 3811 914 3866; x_wconf 91' lang='grc' dir='ltr'>νύν</span> <span class='ocrx_word' id='word_1_389' title='bbox 936 3807 986 3883; x_wconf 85' lang='grc' dir='ltr'>μὲν</span> <span class='ocrx_word' id='word_1_390' title='bbox 1007 3808 1148 3888; x_wconf 83' lang='grc' dir='ltr'>ἀρέσκουσι</span> <span class='ocrx_word' id='word_1_391' title='bbox 1168 3807 1279 3882; x_wconf 81' lang='grc' dir='ltr'>μάλισθ’</span> <span class='ocrx_word' id='word_1_392' title='bbox 1289 3806 1349 3881; x_wconf 87' lang='grc' dir='ltr'>ύμῖν</span> <span class='ocrx_word' id='word_1_393' title='bbox 1365 3805 1389 3866; x_wconf 88' lang='grc' dir='ltr'>οῖ</span> 
     </span>
     <span class='ocr_line' id='line_1_33' title="bbox 197 3901 1389 3994; baseline 0.002 -26"><span class='ocrx_word' id='word_1_394' title='bbox 197 3901 328 3969; x_wconf 79' lang='grc' dir='ltr'>παύθόῖα</span> <span class='ocrx_word' id='word_1_395' title='bbox 346 3911 423 3985; x_wconf 86' lang='grc' dir='ltr'>ύμεῖς</span> <span class='ocrx_word' id='word_1_396' title='bbox 443 3910 577 3984; x_wconf 83' lang='grc' dir='ltr'>βούλεσθε</span> <span class='ocrx_word' id='word_1_397' title='bbox 596 3913 736 3991; x_wconf 78' lang='grc' dir='ltr'>λέγοντες.</span> <span class='ocrx_word' id='word_1_398' title='bbox 746 3909 770 3994; x_wconf 84' lang='lat'>⁵)</span> <span class='ocrx_word' id='word_1_399' title='bbox 793 3948 831 3955; x_wconf 88' lang='lat'>-</span> <span class='ocrx_word' id='word_1_400' title='bbox 856 3935 900 3991; x_wconf 86' lang='lat' dir='ltr'>pr.</span> <span class='ocrx_word' id='word_1_401' title='bbox 915 3920 964 3986; x_wconf 92' lang='grc'>32,</span> <span class='ocrx_word' id='word_1_402' title='bbox 982 3935 994 3974; x_wconf 80' lang='lat' dir='ltr'>s</span> <span class='ocrx_word' id='word_1_403' title='bbox 1013 3911 1092 3992; x_wconf 81' lang='grc' dir='ltr'>λόγον</span> <span class='ocrx_word' id='word_1_404' title='bbox 1111 3960 1116 3972; x_wconf 95' lang='grc'>.</span> <span class='ocrx_word' id='word_1_405' title='bbox 1135 3911 1303 3989; x_wconf 80' lang='grc' dir='ltr'>,πεφύκασιν</span> <span class='ocrx_word' id='word_1_406' title='bbox 1321 3908 1389 3983; x_wconf 83' lang='grc' dir='ltr'>ἐξα-</span> 
     </span>
     <span class='ocr_line' id='line_1_34' title="bbox 198 4013 1390 4096; baseline 0.002 -25"><span class='ocrx_word' id='word_1_407' title='bbox 198 4017 301 4073; x_wconf 85' lang='grc' dir='ltr'>πατάν;</span> <span class='ocrx_word' id='word_1_408' title='bbox 317 4037 361 4094; x_wconf 84' lang='grc' dir='ltr'>ρο.</span> <span class='ocrx_word' id='word_1_409' title='bbox 376 4020 426 4087; x_wconf 91' lang='grc'>56,</span> <span class='ocrx_word' id='word_1_410' title='bbox 443 4037 455 4076; x_wconf 81' lang='lat' dir='ltr'>s</span> <span class='ocrx_word' id='word_1_411' title='bbox 470 4014 550 4093; x_wconf 78' lang='grc' dir='ltr'>λόγον</span> <span class='ocrx_word' id='word_1_412' title='bbox 564 4017 710 4096; x_wconf 85' lang='grc' dir='ltr'>περύκασιν</span> <span class='ocrx_word' id='word_1_413' title='bbox 727 4013 874 4089; x_wconf 80' lang='grc' dir='ltr'>ἐξαπατᾶν.</span> <span class='ocrx_word' id='word_1_414' title='bbox 887 4049 929 4060; x_wconf 79' lang='lat'>—</span> <span class='ocrx_word' id='word_1_415' title='bbox 941 4040 985 4095; x_wconf 86' lang='lat' dir='ltr'>pr.</span> <span class='ocrx_word' id='word_1_416' title='bbox 1001 4025 1028 4090; x_wconf 90' lang='lat'>1,</span> <span class='ocrx_word' id='word_1_417' title='bbox 1045 4040 1057 4078; x_wconf 87' lang='lat' dir='ltr'>s</span> <span class='ocrx_word' id='word_1_418' title='bbox 1071 4022 1177 4096; x_wconf 85' lang='grc' dir='ltr'>πρῶτον</span> <span class='ocrx_word' id='word_1_419' title='bbox 1194 4015 1243 4091; x_wconf 86' lang='grc' dir='ltr'>μὲν</span> <span class='ocrx_word' id='word_1_420' title='bbox 1260 4013 1304 4075; x_wconf 82' lang='grc' dir='ltr'>σύν</span> <span class='ocrx_word' id='word_1_421' title='bbox 1321 4017 1390 4090; x_wconf 83' lang='grc' dir='ltr'>ύμοῖς</span> 
     </span>
     <span class='ocr_line' id='line_1_35' title="bbox 200 4117 1388 4200; baseline 0.003 -25"><span class='ocrx_word' id='word_1_422' title='bbox 200 4117 283 4176; x_wconf 82' lang='grc' dir='ltr'>ἐκεῖν’</span> <span class='ocrx_word' id='word_1_423' title='bbox 293 4117 443 4197; x_wconf 76' lang='grc' dir='ltr'>ἐγνωκέναι</span> <span class='ocrx_word' id='word_1_424' title='bbox 459 4117 510 4200; x_wconf 88' lang='grc' dir='ltr'>δεῖ,</span> <span class='ocrx_word' id='word_1_425' title='bbox 527 4121 581 4192; x_wconf 62' lang='lat' dir='ltr'>ag:</span> <span class='ocrx_word' id='word_1_426' title='bbox 597 4143 641 4200; x_wconf 94' lang='lat' dir='ltr'>pr.</span> <span class='ocrx_word' id='word_1_427' title='bbox 657 4128 706 4194; x_wconf 89' lang='grc'>30,</span> <span class='ocrx_word' id='word_1_428' title='bbox 723 4143 735 4182; x_wconf 81' lang='lat' dir='ltr'>s</span> <span class='ocrx_word' id='word_1_429' title='bbox 749 4126 855 4200; x_wconf 87' lang='grc' dir='ltr'>πρῶτον</span> <span class='ocrx_word' id='word_1_430' title='bbox 871 4121 921 4196; x_wconf 87' lang='grc' dir='ltr'>μὲν</span> <span class='ocrx_word' id='word_1_431' title='bbox 937 4117 982 4179; x_wconf 89' lang='grc' dir='ltr'>ούν</span> <span class='ocrx_word' id='word_1_432' title='bbox 998 4121 1068 4197; x_wconf 86' lang='grc' dir='ltr'>ὑμᾶς</span> <span class='ocrx_word' id='word_1_433' title='bbox 1085 4121 1166 4180; x_wconf 84' lang='grc' dir='ltr'>ἐκεῖν’</span> <span class='ocrx_word' id='word_1_434' title='bbox 1177 4120 1325 4199; x_wconf 81' lang='grc' dir='ltr'>ἐγνωκέναι</span> <span class='ocrx_word' id='word_1_435' title='bbox 1338 4120 1388 4198; x_wconf 86' lang='grc' dir='ltr'>δεῖ,</span> 
     </span>
    </p>
   </div>
   <div class='ocr_carea' id='block_1_5' title="bbox 200 4325 1389 4723">
    <p class='ocr_par' dir='ltr' id='par_1_7' title="bbox 307 4325 526 4391">
     <span class='ocr_line' id='line_1_36' title="bbox 307 4325 526 4391; baseline 0.005 -15"><span class='ocrx_word' id='word_1_436' title='bbox 307 4326 326 4390; x_wconf 94' lang='lat'>¹)</span> <span class='ocrx_word' id='word_1_437' title='bbox 346 4325 385 4376; x_wconf 79' lang='lat' dir='ltr'>Of.</span> <span class='ocrx_word' id='word_1_438' title='bbox 406 4343 430 4391; x_wconf 92' lang='lat' dir='ltr'>p.</span> <span class='ocrx_word' id='word_1_439' title='bbox 452 4329 483 4376; x_wconf 73' lang='lat'>17</span> <span class='ocrx_word' id='word_1_440' title='bbox 502 4328 526 4377; x_wconf 90' lang='lat' dir='ltr'>b.</span> 
     </span>
    </p>

    <p class='ocr_par' dir='ltr' id='par_1_8' title="bbox 304 4408 457 4477">
     <span class='ocr_line' id='line_1_37' title="bbox 304 4408 457 4477; baseline 0.02 -16"><span class='ocrx_word' id='word_1_441' title='bbox 304 4411 326 4477; x_wconf 84' lang='lat'>²)</span> <span class='ocrx_word' id='word_1_442' title='bbox 345 4408 412 4462; x_wconf 82' lang='grc' dir='ltr'>ἔσται</span> <span class='ocrx_word' id='word_1_443' title='bbox 431 4412 457 4465; x_wconf 86' lang='grc' dir='ltr'>Σ.</span> 
     </span>
    </p>

    <p class='ocr_par' dir='ltr' id='par_1_9' title="bbox 304 4497 500 4563">
     <span class='ocr_line' id='line_1_38' title="bbox 304 4497 500 4563; baseline 0.01 -15"><span class='ocrx_word' id='word_1_444' title='bbox 304 4499 324 4563; x_wconf 83' lang='lat'>³)</span> <span class='ocrx_word' id='word_1_445' title='bbox 345 4497 395 4549; x_wconf 84' lang='grc' dir='ltr'>ἐστὶ</span> <span class='ocrx_word' id='word_1_446' title='bbox 414 4497 500 4550; x_wconf 83' lang='grc' dir='ltr'>ΣΥΦ.</span> 
     </span>
    </p>

    <p class='ocr_par' dir='ltr' id='par_1_10' title="bbox 200 4583 1389 4723">
     <span class='ocr_line' id='line_1_39' title="bbox 304 4583 1389 4656; baseline 0 -20"><span class='ocrx_word' id='word_1_447' title='bbox 304 4586 324 4650; x_wconf 91' lang='lat'>⁴)</span> <span class='ocrx_word' id='word_1_448' title='bbox 343 4587 464 4653; x_wconf 83' lang='lat' dir='ltr'>Longius</span> <span class='ocrx_word' id='word_1_449' title='bbox 491 4603 541 4637; x_wconf 86' lang='lat' dir='ltr'>nee</span> <span class='ocrx_word' id='word_1_450' title='bbox 567 4593 658 4639; x_wconf 85' lang='lat' dir='ltr'>tamen</span> <span class='ocrx_word' id='word_1_451' title='bbox 685 4593 792 4655; x_wconf 88' lang='lat' dir='ltr'>penitus</span> <span class='ocrx_word' id='word_1_452' title='bbox 819 4591 928 4654; x_wconf 83' lang='lat' dir='ltr'>recedit,</span> <span class='ocrx_word' id='word_1_453' title='bbox 956 4590 1028 4656; x_wconf 91' lang='lat' dir='ltr'>quod</span> <span class='ocrx_word' id='word_1_454' title='bbox 1050 4591 1149 4656; x_wconf 88' lang='lat' dir='ltr'>legitur</span> <span class='ocrx_word' id='word_1_455' title='bbox 1175 4606 1214 4654; x_wconf 89' lang='lat' dir='ltr'>pr.</span> <span class='ocrx_word' id='word_1_456' title='bbox 1234 4591 1310 4652; x_wconf 82' lang='grc'>43,2</span> <span class='ocrx_word' id='word_1_457' title='bbox 1334 4583 1389 4637; x_wconf 75' lang='grc' dir='ltr'>ἄνευ</span> 
     </span>
     <span class='ocr_line' id='line_1_40' title="bbox 200 4671 349 4723; baseline 0.013 -3"><span class='ocrx_word' id='word_1_458' title='bbox 200 4672 243 4720; x_wconf 79' lang='grc' dir='ltr'>τοῦ</span> <span class='ocrx_word' id='word_1_459' title='bbox 261 4671 349 4723; x_wconf 82' lang='grc' dir='ltr'>ποθεῖν.</span> 
     </span>
    </p>
   </div>
   <div class='ocr_carea' id='block_1_6' title="bbox 305 4752 1388 4831">
    <p class='ocr_par' dir='ltr' id='par_1_11' title="bbox 305 4752 1388 4831">
     <span class='ocr_line' id='line_1_41' title="bbox 305 4752 1388 4831; baseline 0.002 -20"><span class='ocrx_word' id='word_1_460' title='bbox 305 4760 325 4826; x_wconf 77' lang='lat'>⁵)</span> <span class='ocrx_word' id='word_1_461' title='bbox 346 4759 385 4812; x_wconf 84' lang='lat' dir='ltr'>cf.</span> <span class='ocrx_word' id='word_1_462' title='bbox 399 4763 479 4812; x_wconf 86' lang='lat' dir='ltr'>etiam</span> <span class='ocrx_word' id='word_1_463' title='bbox 498 4779 537 4828; x_wconf 87' lang='lat' dir='ltr'>pr.</span> <span class='ocrx_word' id='word_1_464' title='bbox 553 4764 618 4825; x_wconf 73' lang='lat'>10,2</span> <span class='ocrx_word' id='word_1_465' title='bbox 637 4759 652 4811; x_wconf 78' lang='grc' dir='ltr'>ἃ</span> <span class='ocrx_word' id='word_1_466' title='bbox 670 4760 794 4828; x_wconf 84' lang='grc' dir='ltr'>βούλεσθε,</span> <span class='ocrx_word' id='word_1_467' title='bbox 812 4761 891 4831; x_wconf 77' lang='grc' dir='ltr'>λέγειν</span> <span class='ocrx_word' id='word_1_468' title='bbox 911 4769 938 4815; x_wconf 89' lang='lat' dir='ltr'>et</span> <span class='ocrx_word' id='word_1_469' title='bbox 956 4780 993 4829; x_wconf 89' lang='lat' dir='ltr'>pr.</span> <span class='ocrx_word' id='word_1_470' title='bbox 1008 4767 1074 4827; x_wconf 78' lang='lat' dir='ltr'>21,s</span> <span class='ocrx_word' id='word_1_471' title='bbox 1093 4752 1177 4830; x_wconf 75' lang='grc' dir='ltr'>οἷάπερ</span> <span class='ocrx_word' id='word_1_472' title='bbox 1195 4760 1247 4812; x_wconf 86' lang='grc' dir='ltr'>νυνὶ</span> <span class='ocrx_word' id='word_1_473' title='bbox 1265 4760 1388 4828; x_wconf 82' lang='grc' dir='ltr'>βούλεσθε.</span> 
     </span>
    </p>
   </div>
   <div class='ocr_carea' id='block_1_7' title="bbox 0 0 1777 5536">
    <p class='ocr_par' dir='ltr' id='par_1_12' title="bbox 0 0 1777 5536">
     <span class='ocr_line' id='line_1_42' title="bbox 0 0 1777 5536; baseline 0 0"><span class='ocrx_word' id='word_1_474' title='bbox 0 0 1777 5536; x_wconf 95' lang='lat' dir='ltr'> </span> 
     </span>
    </p>
   </div>
  </div>
 </body>
</html>
