3530 5536
729 474 945 528 ..39-

241 681 441 739 quaecumque
456 661 617 718 maioribus
637 661 767 736 periodis
783 661 991 736 componendis
1007 666 1076 737 apta
1090 666 1167 730 sunt,
1181 663 1300 718 crebrae
1316 666 1434 720 senten-

240 766 346 823 tiarum
361 765 393 822 in
409 770 505 841 partes
522 765 691 835 divisiones,
708 765 950 841 amplificationes
965 785 1019 841 per
1033 764 1243 840 repetitionem
1255 766 1431 838 sententiae,

239 869 337 929 variae
350 872 380 927 et
393 869 571 946 multiplices
583 869 776 946 oppositionis
787 871 909 939 formae,
925 870 1095 946 frequentes
1107 889 1207 926 sensus
1219 871 1431 946 suspensiones.

240 975 372 1049 exemplo
389 993 452 1031 esse
467 978 563 1050 potest
579 973 735 1032 exordium
751 993 793 1030 or.
806 974 911 1032 VIIII.
929 973 1012 1031 cuius
1028 973 1144 1048 periodi
1160 975 1196 1031 de
1208 977 1355 1030 structura
1367 993 1433 1032 cum

239 1078 330 1154 polite
345 1079 544 1155 perfecteque,
566 1079 636 1135 dum
651 1080 758 1136 multas
774 1083 928 1154 praeterea
943 1078 1031 1135 huius
1047 1077 1188 1135 orationis
1204 1077 1340 1153 periodos
1355 1082 1433 1135 tam·
1513 1055 1517 1064 ι

239 1201 325 1258 quam
346 1183 382 1238 ad
403 1181 551 1259 principia
570 1183 697 1253 reducit,
710 1175 732 1260 ¹)
754 1183 835 1240 Blass
851 1182 1033 1258 exposuerit,
1055 1182 1237 1240 accuratiore
1258 1181 1322 1238 cius
1337 1182 1432 1258 expli-

239 1285 352 1344 catione
369 1288 553 1362 supersedeo.
561 1282 586 1365 ⁸²)

340 1390 397 1448 His
411 1377 579 1466 praemissis
591 1391 757 1449 accedimus
769 1393 806 1448 ad
818 1392 926 1447 formas
938 1390 1136 1466 periodorum,
1154 1411 1230 1467 quac
1243 1391 1353 1449 suntin
1365 1410 1431 1467 pro·

238 1495 350 1566 oemiis,
373 1495 608 1552 considerandas.
631 1515 690 1552 non
706 1515 806 1553 omnes
821 1514 892 1554 vero
908 1482 940 1551 in
957 1515 991 1552 ea
1006 1515 1038 1552 rc
1055 1497 1218 1566 tractanda,
1241 1500 1384 1572 quotquot
1400 1495 1431 1551 in

237 1599 296 1656 illis
318 1599 520 1670 inveniuntur,
544 1601 732 1675 periodorum
755 1601 864 1657 formas
887 1603 1022 1656 accurate
1046 1619 1092 1656 me
1116 1600 1319 1674 expositurum
1343 1604 1374 1657 et
1396 1601 1432 1658 ab

237 1704 316 1761 omni
331 1709 415 1780 parte
426 1705 650 1762 inlustratumm
663 1725 724 1762 esse
737 1709 965 1762 consentaneum
976 1708 1034 1774 est3
1052 1705 1143 1761 immo
1156 1704 1198 1760 ita
1210 1725 1273 1762 rem
1285 1723 1372 1778 agere
1384 1724 1431 1762 co-

236 1811 335 1879 nabor,
352 1814 394 1879 ut,
408 1809 524 1868 etiamsi
537 1809 609 1887 quid
621 1809 804 1886 reliquerim,
817 1813 917 1866 tamen
930 1810 1045 1867 abunde
1058 1809 1242 1867 satisfactum
1254 1809 1294 1866 sit
1304 1808 1376 1866 huic
1387 1814 1431 1866 to-

236 1913 261 1970 ti
276 1913 451 1991 quaestioni.
468 1913 499 1969 in
514 1914 687 1973 universum
702 1913 796 1988 igitur
811 1913 871 1970 dici
885 1917 980 1988 potest
996 1913 1028 1968 in
1044 1912 1179 1970 omnibus
1193 1912 1258 1970 fere
1274 1913 1433 1988 prooemiis

236 2019 338 2074 eadem
353 2017 425 2074 artis
441 2019 567 2092 vestigia
582 2017 722 2089 inveniri,
739 2018 782 2074 ita
797 2022 831 2074 ut
846 2037 863 2074 a
879 2037 968 2074 manu
983 2017 1070 2074 unius
1086 2017 1238 2092 scriptoris
1249 2019 1382 2093 profecta
1397 2038 1432 2076 ea

236 2142 297 2179 esse
313 2142 440 2180 censeas.
458 2123 584 2198 simplex
599 2125 662 2180 fere
674 2123 706 2180 in
719 2123 854 2180 omnibus
866 2121 1088 2197 compositionis
1100 2127 1145 2179 cst
1156 2122 1245 2192 rati03
1264 2124 1389 2196 grandes
1401 2127 1431 2179 et

236 2226 407 2300 magnificae
413 2229 571 2286 verborum
579 2226 852 2302 comprehensiones
860 2225 892 2283 in
901 2226 944 2283 eis
952 2225 1149 2285 inveniuntur
1156 2226 1319 2295 rarissime3
1330 2231 1432 2283 contra

236 2331 277 2388 sic
291 2331 355 2388 fere
367 2331 482 2406 periodi
495 2331 723 2401 conformantur,
740 2335 774 2388 ut
790 2330 955 2388 sententiae
971 2329 1073 2387 statim
1088 2330 1169 2405 ipsae
1181 2331 1335 2406 prodeant,
1352 2331 1430 2408 quod

234 2435 372 2512 frequens
393 2455 455 2492 esse
471 2435 578 2493 scimus
594 2435 625 2492 in
641 2434 913 2492 enumerationibus
930 2440 960 2492 et
975 2434 1233 2510 descriptionibus,
1262 2433 1370 2492 deinde
1386 2455 1430 2492 se-

235 2544 362 2617 quantur
381 2540 544 2616 posteriora
564 2542 696 2597 membra
715 2539 831 2615 periodi
851 2545 903 2596 eut
921 2558 1016 2598 novae
1035 2539 1151 2614 periodi
1167 2539 1380 2615 explicationes
1401 2545 1431 2597 et

233 2644 420 2720 probationes
436 2645 628 2715 continentes,
646 2646 725 2701 unde
739 2645 851 2701 factum
868 2647 921 2714 est,
938 2649 972 2700 ut
987 2649 1048 2700 tam
1063 2644 1202 2721 frequens
1217 2663 1286 2700 usus
1302 2643 1430 2720 partiou-

233 2751 328 2806 larum
344 2749 408 2826 γάρ,
423 2745 471 2806 καὶ
481 2748 545 2827 γάρ,
562 2747 592 2806 οὺ
603 2747 656 2825 γάρ
670 2769 803 2826 quaeque
816 2747 927 2806 similes
940 2754 1008 2806 sunt
1020 2749 1196 2824 reperiatur.
1214 2749 1264 2806 sed
1276 2749 1431 2808 veniamus

233 2855 269 2910 ad
278 2853 423 2927 graviora.
438 2853 544 2912 scimus
553 2853 716 2912 divisiones
725 2853 948 2924 sententiarum,
958 2852 1159 2929 repetitiones,
1173 2853 1372 2929 oppositiones
1384 2852 1430 2910 in·

233 2962 280 3016 ter
290 2958 494 3032 vulgatissima
509 2958 650 3015 orationis
666 2957 791 3014 artificia
806 2958 1002 3014 numerandas
1019 2977 1091 3028 esse,
1108 2957 1151 3014 ita
1163 2963 1197 3015 ut
1208 2957 1262 3017 vix
1275 2958 1430 3033 periodum

233 3063 406 3139 ampliorem
418 3063 557 3138 reperias,
574 3063 606 3119 in
619 3082 677 3139 qua
688 3082 746 3118 non
762 3061 922 3120 eiusmodi
938 3061 1098 3138 quicquam
1113 3061 1194 3132 insit,
1212 3067 1301 3138 atque
1317 3062 1359 3119 sio
1375 3082 1427 3119 ex-

234 3168 366 3225 istimare
382 3167 597 3240 consuevimus,
619 3185 676 3244 quo
693 3166 759 3243 quis
779 3165 904 3242 peritius
924 3165 1088 3243 meliusque
1108 3166 1168 3223 illis
1184 3170 1294 3234 utatur,
1316 3184 1351 3223 eo
1367 3185 1429 3223 ma-

234 3273 327 3330 iorem
343 3273 374 3329 in
390 3291 423 3330 eo
440 3293 503 3330 esse
518 3279 613 3330 artem
628 3271 765 3347 periodos
782 3270 991 3347 componendi;
1009 3290 1043 3328 eo
1059 3271 1165 3328 melius
1182 3271 1262 3328 enim
1274 3275 1337 3328 tum
1350 3271 1430 3329 cadit

235 3383 265 3434 et
279 3377 346 3434 fluit
363 3376 466 3434 oratio.
491 3377 578 3433 simul
599 3381 699 3433 autem
719 3377 774 3434 hac
789 3395 822 3432 re
837 3375 1028 3432 manifestum
1043 3374 1087 3445 fit,
1112 3379 1214 3432 utrum
1229 3375 1354 3451 scriptor
1368 3377 1428 3433 for·
1495 3417 1497 3420 -

234 3501 347 3538 marum
362 3481 508 3561 varietate
524 3480 608 3540 suavi
628 3481 739 3538 adscita
755 3481 902 3537 delectare
919 3480 993 3538 sciat
1008 3499 1045 3537 an
1061 3479 1144 3557 quasi
1160 3480 1288 3556 quodam
1303 3499 1362 3537 uno
1378 3482 1429 3537 ad-

234 3591 335 3662 spectu
351 3588 447 3643 oblato
466 3587 613 3660 langueat.
634 3586 708 3642 haec
728 3583 821 3658 igitur
836 3583 982 3660 exemplis
997 3583 1104 3642 adlatis
1120 3585 1323 3658 comprobabo.
1341 3584 1429 3642 simul

233 3696 266 3748 ut
282 3692 408 3768 quodam
423 3692 509 3748 modo
526 3710 584 3748 une
599 3691 735 3748 mercede
752 3690 825 3746 duas
839 3709 885 3747 res
901 3691 1088 3766 adsequerer,
1105 3691 1162 3747 hoc
1174 3689 1315 3766 consequi
1327 3690 1427 3747 studui

233 3797 265 3852 in
281 3795 425 3870 exemplis
442 3795 635 3870 proferendis,
660 3799 694 3852 ut
709 3814 744 3852 ea
759 3797 794 3851 ab
811 3795 913 3851 eadem
930 3814 1018 3851 manu
1033 3794 1166 3870 profecta
1181 3813 1245 3850 esse
1261 3798 1426 3870 appareret.

336 3902 394 3957 Per
410 3899 588 3958 divisionem
603 3899 696 3973 igitur
712 3899 804 3956 inlata
820 3904 901 3955 sunt:

336 4023 380 4080 pr.
401 4008 449 4074 12,
467 4023 478 4060 1
495 4023 536 4080 sq.
555 3999 612 4078 ἐγὼ
628 3999 659 4058 δὲ
674 3999 776 4071 τούτοις
791 3998 841 4074 μὲν
857 4003 982 4059 τοσοῦτον
999 4003 1031 4058 ἂν
1048 3999 1159 4078 εἴποιμι,
1184 4001 1223 4058 ὅτι
1241 4020 1287 4074 μοι
1304 3998 1427 4058 δοκοῦσιν

234 4105 289 4165 οὐδ’
299 4105 326 4165 εἴ
337 4127 363 4164 τι
376 4107 540 4179 πεποιήκασι
555 4109 673 4164 τοιοῦτον
690 4105 796 4181 μέγισθ’
805 4105 1002 4184 ἡμαρτηκέναι,
1020 4103 1087 4162 ἀλλ’
1100 4105 1140 4162 ὅτι
1155 4151 1161 4163 .
1179 4149 1186 4162 .
1199 4122 1205 4134 ·
1218 4099 1227 4187 ll
1239 4104 1299 4178 ὑμῖν
1312 4103 1343 4162 δὲ
1354 4123 1427 4183 παρ·
1458 4088 1462 4100 ’

236 4217 301 4270 arrd
319 4211 357 4286 μὴ
375 4256 382 4270 .
401 4256 408 4270 .
425 4209 517 4270 ἵκανον
532 4214 609 4269 τοῦτο
625 4209 752 4288 νομίζειν,
769 4209 846 4286 δίκην
863 4255 870 4269 .
888 4255 896 4270 .
912 4208 1021 4284 λαβεῖν,
1039 4204 1043 4291 Ι
1061 4208 1158 4268 ἀλλὰ.
1177 4253 1202 4287 .,
1226 4231 1270 4287 pr.
1289 4215 1338 4281 31,
1356 4229 1367 4267 r
1383 4231 1426 4287 sq.

236 4314 292 4394 ἐγὼ
308 4314 333 4374 δ’
343 4314 433 4389 οἴομαι
448 4315 556 4387 τούτους
572 4315 623 4390 μὲν
639 4317 671 4374 ἂν
688 4309 756 4374 εἶναι
769 4313 904 4387 βελτίους,
917 4312 941 4372 εἰ
955 4361 961 4374 .
976 4359 983 4374 .
997 4312 1202 4393 ἐδημηγόρουν·
1219 4307 1227 4396 Η
1239 4313 1299 4388 ὑμῖν
1312 4311 1343 4372 δὲ
1353 4333 1426 4392 ταρ-

338 4576 346 4609 ¹
376 4575 450 4625 1111
482 4576 561 4624 roos
601 4612 607 4624 .

337 4576 358 4730 ²i
377 4662 416 4712 of.
437 4613 517 4713 etiam
536 4591 606 4727 quiade
624 4667 688 4711 ante
707 4661 840 4711 Blassium
855 4661 954 4710 Dissen
972 4662 1097 4711 disseruit
1115 4662 1149 4710 dc
1168 4675 1200 4710 ea
1218 4659 1336 4724 periodo,
1356 4674 1425 4724 quae

235 4748 308 4799 clara
326 4754 353 4798 et
371 4763 485 4798 nervosa
503 4747 544 4796 illi
562 4749 621 4797 visa
639 4753 686 4797 est.
706 4748 723 4797 1.
743 4765 765 4797 c.
785 4765 809 4813 p.
823 4747 908 4796 LXII.
