3530 5536
688 541 725 550 .-
776 512 902 566 43..

301 701 408 758 Restat
422 699 551 776 denique
567 703 601 756 ut
616 698 732 758 dicatur
746 700 783 756 dc
797 700 909 757 duabus
921 696 1141 773 compositionis
1155 698 1268 766 formis,
1286 693 1390 754 ἀνακο-

186 799 309 860 λουθίαν
321 803 388 861 dico
401 808 431 861 et
445 823 531 860 usum
547 804 693 880 quendam
707 803 858 879 participii
874 801 1013 878 adpositi.
1029 821 1063 860 ac
1077 802 1206 879 primum
1222 802 1343 879 quidem
1359 802 1390 858 in

186 908 379 967 orationibus
394 928 453 966 non
468 927 566 966 coram
585 907 686 983 paucis
701 927 734 965 ac
749 907 864 984 peritis,
886 908 936 964 sed
957 908 1063 984 populo
1080 907 1220 964 audiente
1235 904 1389 976 habendis,

186 1033 375 1091 quamquam
394 1012 529 1070 homines
545 1013 661 1071 Atticos
681 1011 824 1071 acerrimo
844 1012 964 1087 ingenio
980 1012 1071 1069 fuisse
1087 1011 1119 1068 in
1135 1011 1281 1069 audiendo
1298 1016 1328 1068 et
1343 1029 1390 1067 ac-

186 1117 333 1194 cipiendo
344 1122 465 1188 constat,
480 1119 643 1177 cavendum
655 1122 727 1189 erat,
741 1138 778 1176 ne
786 1118 1028 1176 anacoluthorum
1036 1136 1104 1174 usus
1112 1115 1296 1194 frequentior
1303 1118 1389 1184 esset,

186 1224 427 1300 curandumque,
444 1243 481 1280 ne
497 1222 626 1280 insoleus
642 1241 743 1280 eorum
759 1242 851 1296 genus
866 1222 898 1279 in
914 1221 1077 1279 oraticnem
1093 1221 1252 1297 imperet,
1268 1219 1300 1277 id
1313 1220 1390 1296 quod

186 1326 256 1383 iam
273 1327 390 1401 egregie
403 1327 504 1385 docuit
515 1327 680 1384 Rehdantz.
690 1324 714 1406 ¹)
732 1327 833 1404 itaque
849 1327 881 1384 in
893 1325 1103 1384 Demosthenis
1115 1344 1156 1382 or.
1170 1326 1186 1381 I
1200 1328 1239 1382 24
1253 1321 1295 1380 δεῖ
1304 1320 1390 1379 τοίνυν

186 1427 278 1507 ὑμᾶς,
293 1424 316 1486 ὦ
329 1430 355 1487 ά.
369 1428 419 1506 Ἄ,
434 1476 440 1489 .
456 1474 462 1487 .
477 1427 594 1503 ἑτοίμως
606 1429 767 1507 συνάρασθαι
778 1429 812 1486 τὰ
822 1431 972 1506 πράγματα
984 1473 991 1486 .
1005 1471 1012 1486 .
1024 1426 1230 1504 λογιζομένους,
1248 1423 1270 1484 εί
1283 1423 1389 1484 Φιλιπ-

186 1550 248 1601 πος
258 1530 342 1605 λάβοι
353 1532 503 1607 καθ’ἡμῶν
512 1536 631 1592 τοιοῦτον
643 1533 737 1612 καιρδν
748 1531 796 1591 καί
807 1533 932 1606 πόλεμος
943 1533 1049 1609 γένοιτο
1061 1531 1127 1609 πρδς
1139 1536 1172 1612 τῇ
1184 1533 1274 1612 χώρᾳ,
1283 1534 1390 1600 -πῶς

190 1638 229 1693 ἂν
251 1635 329 1694 αθτδν
350 1635 430 1695 οἴεσθ’
443 1637 560 1710 ἑτοίμως
579 1637 620 1715 ἐφ’
630 1637 700 1712 ὑμᾶς
721 1637 823 1717 ἐλθεῖν,
843 1639 937 1696 oratic
953 1638 1103 1696 lenissime
1118 1637 1346 1714 interrumpitur
1361 1642 1391 1694 et

189 1743 363 1800 traducitur
377 1743 409 1800 in
426 1743 691 1817 interrogationem
705 1746 764 1812 πῶς
780 1743 812 1798 ἀν
829 1787 835 1799 .
855 1786 861 1800 .
878 1743 930 1813 ita,
947 1747 982 1799 ut
996 1761 1090 1818 paene
1105 1743 1186 1799 nulla
1202 1741 1241 1798 sit
1256 1741 1390 1798 anacolu-

190 1847 272 1917 thia,
288 1847 401 1922 pariter
416 1853 504 1925 atquc
520 1849 552 1904 in
567 1868 609 1906 or.
623 1849 701 1905 VIII
718 1853 757 1905 23
774 1842 798 1903 εἰ
813 1844 867 1924 γάρ
883 1845 946 1920 μήτ’
956 1841 1085 1904 εἰσοίσετε
1101 1843 1163 1919 μήτ’
1173 1842 1247 1902 αυτοὶ
1261 1842 1390 1923 στρατεύ-

191 1949 276 2006 σεσθε
293 1950 362 2023 μήτε
378 1954 433 2007 τῶν
452 1955 549 2008 κοινῶν
570 1947 702 2028 ἀφέξεσθε
723 1951 792 2024 μήτε
812 1949 860 2020 τὰς
880 1945 1018 2020 συντάξεις
1037 1943 1138 2008 δώσετε
1159 1950 1277 2024 μήτε..
1296 1947 1391 2006 ἐάσετε

193 2055 268 2127 μήτε
282 2053 316 2111 τὰ
331 2053 439 2132 ὑμέτερ’
451 2054 536 2112 αὐτῶν
550 2056 678 2133 πράττειν
700 2053 858 2131 ἐθελήσετε,
874 2087 917 2096 -
933 2054 981 2113 οὒκ
1001 2053 1059 2130 ἔχω
1081 2053 1106 2112 τί
1125 2051 1213 2132 λέγω,
1233 2055 1285 2113 ubi
1306 2054 1391 2132 sequi

191 2159 278 2216 aliud
295 2160 431 2217 debuisse
447 2160 631 2235 significatur
645 2161 745 2221 verbis
761 2159 841 2217 tritis
857 2157 907 2216 οὒκ
922 2158 980 2234 ἔχω
995 2152 1020 2216 τί
1034 2158 1124 2235 λέγω.

300 2265 364 2322 Iam
380 2263 412 2321 in
428 2266 578 2340 prooemia
592 2265 787 2343 inquiramus.
805 2263 955 2341 inquibus
971 2284 1062 2321 unum
1077 2264 1142 2322 fere
1158 2264 1311 2323 invenitur
1322 2283 1390 2327 ana-

194 2369 346 2426 coluthiae
361 2389 453 2443 genus
469 2369 512 2426 ita
523 2374 734 2445 comparatum,
751 2373 785 2427 ut
796 2369 934 2426 incohata
946 2374 1094 2426 structura
1105 2369 1291 2446 relinquatur
1302 2372 1390 2445 atque

195 2493 241 2543 ea,
255 2493 343 2549 quam
354 2473 596 2532 antecedentibus
609 2479 661 2532 aut
673 2474 838 2532 subiectum
845 2473 885 2531 iri
894 2479 946 2532 aut
953 2474 1084 2532 firmiore
1091 2474 1209 2534 vinculo
1218 2473 1391 2530 adiunctum

194 2582 286 2653 atque
305 2579 454 2635 adnexum
470 2584 618 2655 expectes,
639 2579 789 2637 sententia
803 2597 857 2655 per
872 2599 902 2636 sc
918 2579 982 2655 ipsa
996 2580 1145 2654 procedat.
1162 2579 1193 2635 id
1210 2579 1287 2655 quod
1302 2577 1390 2636 facilc

195 2683 294 2738 elucet
309 2701 348 2739 ex
363 2681 411 2738 his
426 2681 512 2741 Iocis:
529 2704 573 2758 pr.
590 2688 638 2753 14,
656 2705 667 2741 1
685 2681 742 2758 ἐγὼ
754 2682 884 2757 θαυμάζω
899 2680 923 2740 τί
940 2680 1062 2762 δήποτε,
1077 2679 1138 2760 πρὶν
1155 2679 1205 2756 μὲν
1222 2677 1260 2751 εἰς
1276 2679 1323 2755 τὴν
1341 2678 1390 2738 ἐκ-

195 2780 312 2856 κλησίαν
334 2782 477 2864 ἀναβῆναι,
498 2786 552 2862 ὅτῳ
567 2805 607 2856 τις
627 2789 659 2844 άν
676 2786 750 2860 ὑμῶν
768 2785 876 2868 ἐντύχῃ,
899 2778 976 2856 οὗτος
993 2786 1113 2865 εὐπάρως
1129 2782 1212 2844 εἰπεῖν
1230 2785 1289 2861 έχει
1305 2783 1339 2843 δι’
1353 2778 1391 2842 ὧν

197 2886 230 2945 ἂν
244 2887 278 2945 τὰ
291 2889 412 2968 παρόντα
427 2891 575 2969 πράγματα
591 2887 692 2965 βελτίω
713 2892 836 2968 γένοιτο·
854 2925 893 2934 -
909 2888 956 2948 καὶ
977 2889 1060 2949 πάλιν
1077 2889 1171 2949 αάτίκα
1188 2889 1220 2964 δὴ
1238 2889 1325 2966 μάλα,
1343 2883 1390 2947 έάν

197 2990 345 3071 ἀπέλθητε,
357 2991 459 3066 ὁμοίως
471 2995 587 3065 ἕκαστος
599 2994 656 3073 ἐρεῖ
667 2995 701 3053 τά
711 2996 817 3074 δέοντα,
830 3018 874 3073 pr.
887 3001 935 3067 15,
950 3017 1012 3074 rsq.
1023 2995 1112 3053 ὅντινα
1125 2995 1216 3069 μέντοι
1227 2993 1281 3073 χρὴ
1293 2995 1391 3072 τρόπον

197 3096 264 3175 πρδς
283 3097 354 3172 ὑμᾶς
374 3095 460 3156 εἰπεῖν
479 3096 541 3177 περὶ
561 3099 658 3178 αὐτῶν,
677 3103 755 3158 τοῦτο
774 3098 945 3174 παμπόλλην
961 3097 1107 3158 δυσκολίαν
1123 3099 1197 3175 ἔχειν
1212 3097 1324 3173 νομίζω,
1341 3098 1391 3172 οῖιχ

198 3202 236 3271 ὡς
252 3201 281 3260 σὺ
298 3204 462 3279 συνησὸντων
478 3204 529 3262 ὅτι
546 3204 577 3262 άν
592 3225 633 3276 τις
647 3202 730 3286 λέγῃ,
748 3239 788 3248 —-
806 3203 873 3262 ἀλλ’
884 3204 952 3263 οθτω
967 3203 1063 3264 πολλὰ
1077 3201 1124 3263 καί
1140 3203 1226 3282 ψευδῆ
1242 3201 1289 3262 καί
1303 3204 1391 3262 πάντα

199 3305 308 3378 μᾶλλον
323 3309 340 3380 ἢ
357 3305 390 3366 τά
411 3306 539 3382 βέλτιστα
554 3311 609 3379 τοῖς
625 3310 765 3388 πράγμασι
781 3307 941 3368 συνειθίσθαι
957 3328 1003 3383 μοι
1019 3307 1119 3368 δοκεῖτ’
1129 3308 1235 3368 ἀκούειν
1252 3309 1321 3366 ὥστε
1338 3355 1345 3369 .
1364 3355 1389 3379 .,

199 3432 241 3487 pr.
260 3416 310 3483 35,
333 3432 344 3470 1
362 3410 406 3469 ἵνα
422 3412 460 3486 μὴ
477 3412 631 3488 συνέβαινεν
647 3414 665 3471 ά
681 3413 714 3487 δὴ
733 3412 782 3481 ata
795 3415 904 3472 πάντων
921 3411 991 3471 ἐστίν
1007 3412 1237 3496 ἀλυσιτελέστατα
1251 3417 1283 3493 τῇ
1299 3411 1389 3489 πόλει,

200 3516 269 3588 μήτε
284 3515 371 3594 πέρας
387 3515 473 3591 μηδὲν
491 3517 565 3594 ἔχειν
580 3522 633 3575 τῶν
649 3516 709 3592 ὑμῖν
726 3515 872 3596 δοξάντων,
886 3553 927 3561 -
938 3515 1087 3596 παρανοίας
1102 3513 1127 3576 θ’
1136 3516 1214 3590 ὑμεῖς
1224 3519 1391 3595 κατεγιγνώ-

199 3638 277 3677 σκετε
289 3619 364 3692 ὑμῶν
380 3619 466 3678 αυτῶν
479 3620 753 3700 μεταβουλευόμενοι,
766 3645 810 3700 pr.
825 3629 875 3694 43,
889 3645 901 3682 1
914 3623 968 3680 ἔστι
981 3622 1005 3681 δ’
1016 3624 1066 3699 οὺχ
1078 3621 1209 3700 έτέρωθέν
1220 3622 1303 3680 ποθεν
1314 3624 1391 3680 τοῦτο

197 3726 368 3800 γιγνόμενον,
390 3723 458 3784 ἀλλ’
467 3726 505 3784 ὅτι
526 3724 666 3801 συμβαίνει
686 3729 742 3796 τοῖς
764 3726 813 3802 μὲν
835 3728 905 3801 μήτε
925 3725 1063 3804 φοβεῖσθαι
1085 3725 1172 3802 μηδὲν
1196 3727 1288 3800 μήθ’ίί
1302 3747 1342 3796 τις
1359 3727 1390 3783 ἂν

198 3827 278 3905 λέγοι
293 3827 369 3887 δεινά
381 3831 543 3908 προσήκονθ’
553 3830 642 3902 αὐτοῖς
654 3831 792 3908 ἡγεῖσθαι·
806 3865 849 3874 —-
860 3831 922 3902 τοὺς
935 3831 965 3890 δὲ
976 3829 1093 3906 πλησίον
1107 3830 1187 3902 ’σ’ντας
1197 3835 1251 3890 τῶν
1264 3831 1390 3909 ἁμαρτη-

199 3934 299 4011 μάτων,
316 3933 380 3991 ὅταν
396 3931 436 4004 εἰς
447 3934 477 3992 τὀ
489 3941 584 4005 κακῶς
594 3937 721 4015 πράττειν
734 3933 890 4014 ἀφίκωνται,
908 3937 1046 4014 σώφρονας
1057 3936 1125 4015 πρδς
1136 3935 1170 3994 τά
1181 3934 1266 3994 λοιπὰ
1276 3932 1324 3994 καὶ
1337 3955 1391 4010 με-

198 4035 284 4114 τρίους
303 4039 429 4116 παρέχει,
454 4061 498 4117 pr.
518 4044 596 4112 55,1
616 4036 671 4098 Ἠν
687 4060 736 4116 τις,
754 4041 793 4111 ὡς
809 4041 891 4116 έοικε,
907 4041 1007 4119 χρόνος
1021 4041 1085 4119 παρ’
1095 4041 1165 4119 ὑμῖν,
1189 4035 1254 4101 ddi.
1272 4040 1327 4119 ‘A.,
1351 4040 1390 4099 ὅτ’

200 4140 387 4218 ἐπηνάγκαζεν
403 4142 418 4199 ὁ
436 4141 533 4222 δῆμος,
552 4145 581 4201 ’ἀν
596 4146 630 4202 άν
647 4145 785 4223 άνθρωπον
801 4143 855 4203 ίδοι
871 4147 994 4224 σώφρονα
1010 4142 1056 4203 καί
1071 4145 1199 4224 χρηστόν,
1217 4143 1391 4224 πράττειντὰ

199 4243 276 4303 κοινά
291 4243 337 4304 καί
354 4247 458 4326 ἀρχειν,
479 4248 509 4305 οὐ
525 4245 620 4308 σπάνει
636 4247 688 4306 τῶν
704 4253 781 4308 τοῦτο
803 4247 979 4322 βουλομένων
995 4251 1081 4308 ποιεῖν
1099 4297 1105 4309 .
1125 4295 1146 4321 .,
1164 4283 1206 4291 -
1223 4249 1289 4308 ἀλλ’
1300 4251 1391 4327 ὅραμα

198 4348 267 4408 τοῦτ’
286 4349 402 4410 ἐποιεῖτο
419 4351 433 4409 ὃ
450 4351 538 4427 δῆμος
553 4353 632 4411 αὑτοῦ
648 4353 736 4412 καλὸν
754 4401 760 4413 .
779 4400 785 4412 .

301 4457 440 4532 Superest
451 4464 485 4516 ut
497 4459 628 4516 dicamus
641 4461 678 4516 de
691 4480 744 4517 usu
756 4461 884 4536 quodam
895 4459 1046 4536 participii
1059 4459 1090 4516 in
1099 4461 1231 4518 oratione
1240 4462 1389 4518 struenda.

199 4560 308 4617 etenim
329 4565 425 4636 potest
444 4563 634 4638 participium
651 4566 808 4622 vorborum
824 4566 1008 4641 quorundam
1027 4565 1071 4620 ita
1087 4565 1117 4621 in
1133 4564 1191 4622 fine
1207 4564 1323 4640 periodi
1339 4566 1389 4621 ad·

306 4783 323 4848 ¹)
344 4783 383 4833 cf.
396 4784 499 4834 indices
517 4785 580 4834 edit.
594 4786 627 4834 ab
647 4802 678 4835 eo
697 4793 814 4836 curatae.
