3530 5536
781 504 996 556 ...99-

294 710 337 766 pr.
352 694 402 759 50,
419 710 432 747 4
448 685 482 744 δι’
492 681 529 745 ὧν
541 693 689 764 πανταχῶς
701 685 859 769 συνοίσειιῇ
875 688 965 766 πόλει,
983 691 1053 768 quia
1069 689 1197 769 συμφέρει
1212 695 1244 772 πῇ
1260 690 1342 750 πόλει
1357 689 1401 751 aa
1415 712 1486 764 τινος

294 796 385 853 diotio
401 795 536 852 inaudita
551 800 604 865 est,
621 797 657 853 ab
672 814 727 851 usu
744 799 774 852 et
789 795 904 853 ratione
919 796 1062 872 loquendi
1077 815 1196 872 prorsus
1211 798 1380 856 abhorrens.

397 900 538 977 Sequitur
551 905 584 956 ut
603 919 750 976 exponam
768 901 805 957 de
821 901 934 957 duobus
955 900 1035 971 loeis,
1059 919 1184 977 quorum
1199 903 1291 959 altero
1311 923 1355 979 pr.
1374 907 1411 961 51
1430 903 1485 982 ὅσῳ

293 1003 346 1083 γὰρ
369 1003 401 1062 ὅιν
419 1002 569 1075 πλεονάκις
590 1000 705 1083 ἐξετάζῃ
725 1023 764 1073 τις
786 1003 861 1080 αὸτά,
883 1003 991 1080 ἀνάγκη
1012 1001 1073 1072 τοὺς
1092 1003 1191 1062 τούτων
1213 1001 1311 1076 αἰτίους
1331 1004 1484 1082 εὺδοκιμεῖν

293 1131 358 1169 eum
379 1111 557 1169 sententiam
576 1112 703 1188 quodam
718 1111 804 1168 modo
821 1130 954 1168 maneam
970 1129 1033 1168 esse
1050 1111 1257 1170 existimantes
1274 1114 1355 1171 Wolf
1372 1110 1484 1186 μᾶλλον

292 1223 357 1293 post
369 1211 478 1293 αἰτίους,
491 1217 600 1274 Reiske
612 1223 681 1273 ente
694 1213 800 1292 ἀνάγκη
813 1217 982 1273 addendum
994 1236 1056 1273 esse
1067 1213 1185 1293 τοσούτῳ
1198 1215 1308 1289 μάλλον
1320 1227 1482 1292 censerent,

293 1322 433 1380 Sohaefer
452 1321 600 1398 proposito
616 1321 824 1396 Xenophontis
843 1322 906 1379 loeo
923 1321 1024 1398 Gyr.l
1046 1325 1074 1391 3,
1096 1340 1121 1378 14
1139 1317 1186 1378 καὶ
1206 1317 1285 1400 χάριν
1305 1341 1346 1380 σοι
1366 1320 1483 1403 εἴσομαι,

293 1425 347 1503 ὅσῳ
368 1426 400 1482 ἂν
420 1423 570 1494 πλεονάκις
590 1421 675 1505 εἰσίῃς
694 1424 733 1494 ὡς
753 1421 804 1497 ἐμέ
819 1424 897 1482 nihil
918 1427 1019 1483 deesse
1041 1425 1155 1483 statuit.
1187 1431 1217 1484 at
1237 1427 1295 1484 alia
1315 1434 1359 1486 est
1378 1434 1484 1489 natura

292 1532 435 1608 prooemii
458 1530 525 1601 loei,
553 1530 611 1588 alia
633 1529 853 1605 Xenophontei,
877 1535 1035 1606 propterea
1057 1532 1136 1607 quod
1160 1551 1226 1589 oum
1249 1532 1312 1591 illio
1336 1535 1484 1593 sententia

291 1638 417 1695 relativa
429 1656 517 1714 quam
529 1636 632 1694 dieunt
644 1637 776 1706 alteram,
793 1635 841 1693 eui
854 1637 963 1706 subest,
981 1637 1147 1711 praecedat,
1165 1636 1215 1694 hie
1227 1638 1369 1714 sequitur.
1394 1645 1484 1717 atque

292 1742 505 1799 Demosthenes
522 1740 553 1798 iu
570 1740 728 1799 eiusmodi
748 1739 819 1796 loeis
835 1759 872 1796 ue
888 1743 978 1797 semel
994 1739 1115 1817 quidem
1130 1739 1246 1817 τοσούτῳ
1264 1743 1373 1815 omisit,
1394 1747 1484 1803 semel

291 1866 332 1905 or.
351 1852 380 1923 3,
401 1865 426 1905 se
446 1845 501 1924 ὅσῳ
518 1842 548 1904 δὲ
563 1843 597 1903 τὰ
611 1849 661 1920 τῆς
676 1840 786 1914 πόλεως
803 1841 910 1901 ἐλάσσω
925 1843 1050 1922 γέγονεν,
1071 1843 1188 1923 τοσούτῳ
1203 1842 1237 1902 τὰ
1252 1845 1352 1904 τούτων
1368 1843 1482 1922 ηὔξηται

291 1953 322 2010 iu
336 1954 429 2010 altero
444 1954 575 2010 membro
591 1957 711 2028 p‘ropter
725 1951 853 2026 eugendi
868 1950 931 2011 vim
946 1951 1036 2010 verbo
1053 1943 1168 2023 ηὔξηται
1184 1951 1390 2012 inhaerentem
1405 1974 1482 2014 oom-

290 2057 425 2135 parativo
446 2059 540 2132 gradu
556 2057 607 2135 qui
623 2057 733 2115 dieitur
748 2055 901 2114 abstinuit.
933 2056 1009 2113 alter
1028 2056 1108 2113 loeus
1124 2061 1169 2114 est
1188 2077 1232 2133 pr.
1251 2062 1278 2128 2,
1296 2077 1307 2115 ι
1323 2057 1338 2113 ὅ
1352 2053 1400 2115 καὶ
1415 2058 1482 2116 θαυ-

290 2162 368 2234 μάζω
390 2159 431 2231 τίς
452 2160 543 2234 ποθ’ή
566 2160 704 2240 πρόφασις.
735 2160 849 2236 πότερον
871 2205 877 2218 .
900 2205 906 2218 .
926 2160 975 2218 eui
997 2159 1112 2237 aliquid
1136 2161 1205 2220 novi
1229 2161 1324 2220 inesse
1347 2164 1483 2223 Gebauor

290 2268 391 2327 docuit
410 2271 430 2326 l.
447 2288 471 2326 e.
488 2290 516 2345 p.
536 2273 585 2338 97,
607 2267 657 2346 qui
674 2287 740 2325 oum
756 2266 787 2324 in
803 2265 971 2344 particulas,
988 2285 1042 2342 per
1057 2285 1128 2342 quas
1144 2267 1325 2325 eontrarium
1340 2269 1378 2325 ad
1398 2288 1482 2346 prae-

291 2373 428 2432 cedentia
443 2373 625 2448 adiungitur,
645 2373 812 2450 inquireret
831 2371 933 2448 itaque
949 2389 999 2428 eos
1014 2371 1106 2428 etiam
1121 2372 1199 2430 loeos
1215 2379 1408 2448 compararet,
1429 2375 1481 2431 ubi

291 2479 437 2537 sententia
459 2479 618 2556 insequens
640 2479 676 2534 ad
705 2476 914 2553 praecedentia
935 2477 1108 2535 vocularum
1131 2474 1146 2531 ὅ
1167 2471 1214 2533 καὶ
1237 2477 1407 2535 adiumento
1431 2479 1481 2536 ad·

290 2584 428 2654 nectitur,
445 2585 553 2661 ubique
567 2582 646 2642 vidit
661 2582 768 2641 talibus
784 2581 939 2639 sententiis
955 2581 1135 2638 eontrarium
1151 2582 1374 2658 hypotaetieum
1389 2582 1482 2641 eonti-

289 2687 363 2759 neri,
384 2688 479 2748 veluti
500 2690 585 2746 Dem.
603 2707 644 2744 or.
665 2692 713 2756 19,
734 2705 759 2744 se
779 2684 795 2741 ὅ
813 2681 860 2742 καὶ
880 2683 1020 2761 θαυμάζω,
1042 2680 1063 2740 εἰ
1082 2729 1088 2742 .
1107 2729 1124 2755 .,
1142 2705 1201 2743 uno
1219 2687 1364 2763 prooemii
1382 2692 1399 2744 2
1420 2690 1482 2746 loeo

289 2798 422 2869 exeepto,
436 2792 466 2849 in
476 2813 533 2870 quo
546 2793 707 2849 insolenter
718 2791 848 2849 infertur
858 2787 1012 2859 subiectio,
1027 2789 1056 2845 id
1070 2791 1148 2866 quod
1161 2789 1221 2848 iam
1229 2792 1354 2850 sensisse
1361 2791 1483 2851 videtur

288 2898 405 2955 Dohree
422 2899 499 2957 Adv.
517 2897 582 2955 erit.
599 2898 641 2967 II,
658 2918 687 2972 p.
705 2900 765 2953 184
781 2893 796 2951 ὅ
812 2916 851 2953 ex
866 2893 1056 2970 praecedenti
1073 2913 1095 2950 ῶ
1111 2899 1215 2954 natum
1230 2915 1292 2954 esse
1308 2896 1480 2973 suspicatus.

392 3003 497 3059 Restat
523 3007 556 3059 ut
578 3003 668 3061 verba
690 3001 834 3077 quaedam
857 3020 895 3056 ex
918 2997 1078 3073 prooemiis
1101 3005 1131 3056 et
1158 3000 1321 3060 loeutiones
1344 3006 1482 3076 congesta

289 3125 458 3181 proponam,
487 3125 563 3183 quae
590 3110 640 3162 aut
669 3104 787 3160 omnino
810 3123 868 3159 non
895 3101 1091 3160 inveniuntur
1118 3102 1149 3159 in
1173 3122 1293 3179 corpore
1316 3106 1482 3164 orationum

290 3210 483 3268 Demostheni
510 3209 696 3268 addictarum
718 3213 769 3266 aut
795 3207 884 3265 aliam
911 3212 1000 3284 atque
1028 3206 1091 3264 illie
1113 3203 1175 3266 vim
1202 3209 1322 3267 habeut.
1368 3210 1400 3267 in
1423 3231 1481 3289 quo

289 3333 324 3370 ea
344 3335 418 3392 quae
438 3315 516 3372 nihil
535 3316 646 3372 habent
665 3312 836 3371 offensionis
851 3313 887 3368 ab
903 3310 946 3368 eis
966 3311 1165 3369 locutionibus
1181 3312 1394 3387 disiungamus,
1415 3316 1481 3393 qui-

288 3420 342 3477 bus
357 3420 501 3480 novandis
515 3420 549 3489 is,
567 3419 618 3496 qui
634 3417 784 3495 prooemia
798 3416 972 3492 composuit,
989 3416 1103 3493 aliquid
1120 3416 1175 3474 sibi
1191 3417 1317 3492 sumpsit
1331 3417 1479 3477 licentiae.

288 3525 325 3581 ad
345 3523 427 3600 prius
448 3523 540 3598 igitur
559 3543 651 3597 genus
670 3524 743 3580 haee
759 3522 924 3598 pertinent:
945 3541 989 3596 pr.
1008 3525 1058 3591 42,
1076 3540 1087 3577 1
1104 3515 1146 3577 ἀεὶ
1163 3515 1209 3576 καὶ
1225 3523 1356 3595 συνεχῶς.
1388 3523 1480 3582 nimia

289 3629 320 3685 in
339 3629 386 3686 his
405 3630 531 3697 ubertas
553 3647 628 3705 quae
648 3628 775 3705 quodam
795 3627 880 3683 modo
900 3625 1028 3684 conferri
1048 3629 1146 3701 potest
1164 3644 1232 3682 oum
1251 3645 1293 3684 or,
1312 3631 1339 3696 8,
1361 3646 1373 3684 o
1393 3628 1479 3684 πάντα

289 3729 321 3789 δὲ
342 3732 388 3789 τὀν
409 3733 507 3809 χρόνον
530 3736 651 3808 συνεχῶς
674 3728 718 3813 (v.
736 3734 864 3790 Voemel.
889 3733 975 3789 Dem.
999 3731 1083 3788 Cant.
1108 3752 1136 3806 p.
1155 3734 1227 3805 558,
1251 3729 1266 3807 5
1291 3735 1319 3803 6,
1343 3737 1477 3802 uot.12;

288 3838 437 3894 Sahaefer.
462 3838 497 3894 ad
521 3839 642 3911 Gregor.
666 3858 695 3913 p.
722 3842 780 3894 169
806 3831 875 3916 sq.).
911 3836 991 3893 idem
1013 3836 1095 3894 valet
1117 3836 1154 3893 de
1176 3836 1325 3893 locutione
1349 3829 1479 3911 ἀσφαλῶς

289 3941 351 3998 aaa
380 3938 499 3998 κινδύνου
529 3962 573 4018 pr.
599 3945 648 4012 25,
681 3960 702 4012 a,
734 3961 810 4019 quae
840 3939 1009 3997 imitatione
1036 3960 1175 4016 expressa
1202 3960 1265 3998 esse
1292 3940 1414 4000 videtur
1440 3961 1479 3998 ex

287 4065 330 4103 or.
356 4050 409 4116 18,
438 4065 476 4105 sos
504 4043 573 4118 μετὰ
598 4045 688 4120 πάσης
716 4042 810 4115 ἀδείας
833 4040 973 4121 ἀσφαλῶς.
1019 4044 1129 4102 iniuria
1152 4045 1246 4119 igitur
1269 4045 1410 4103 Sohaefer
1432 4040 1479 4102 καὶ

287 4155 356 4208 ante
372 4147 436 4206 ἄνευ
450 4149 581 4208 inserere
595 4150 701 4210 voluit.
721 4183 757 4190 —-
776 4170 819 4226 pr.
838 4154 888 4220 32,
908 4169 922 4206 4
942 4145 1122 4227 άλλοιὸτερος
1142 4148 1187 4224 (ἂν
1205 4191 1210 4204 .
1229 4191 1236 4203 .
1253 4146 1267 4205 ὅ
1282 4146 1369 4224 λόγος
1384 4143 1477 4228 φανῇ).

288 4287 328 4296 --
344 4275 387 4332 pr.
407 4260 456 4326 39,
477 4275 490 4312 a
508 4251 556 4311 καί
574 4273 597 4312 τι
619 4252 757 4325 δαιμόνιον
777 4251 846 4311 τοῦτ’
860 4250 988 4310 ἀπέκειτο
1010 4249 1165 4330 (Soheefer
1187 4251 1402 4330 ‘divinitusque
1422 4255 1478 4311 hoo

287 4360 469 4417 destinatum
491 4354 578 4439 erat’)
603 4359 788 4436 aliquantum
811 4359 902 4416 distat
925 4359 960 4416 ab
984 4377 1026 4415 or.
1051 4361 1099 4428 18,
1124 4375 1163 4415 198
1185 4360 1216 4415 et
1238 4377 1280 4414 or.
1303 4362 1352 4427 23,
1376 4377 1411 4416 ιν.
1435 4389 1477 4399 -—

286 4484 330 4539 pr.
349 4467 399 4535 55,
424 4483 436 4522 a
457 4457 489 4519 άν
509 4483 549 4533 τις
569 4460 742 4542 άστυνομήσῃ
763 4458 813 4538 δίς,
838 4463 875 4520 of.
893 4482 935 4519 or.
954 4465 1003 4532 24,
1028 4480 1066 4518 ιιι
1088 4458 1245 4533 ἀστυνόμος.
1266 4493 1308 4502 —-
1328 4482 1372 4538 pr.
1392 4466 1441 4531 13,
1465 4481 1477 4518 ν

287 4568 377 4646 ῶσπερ
390 4565 422 4624 ἐκ
433 4568 529 4645 γένους
539 4615 545 4628 .
557 4565 702 4644 ,ὑπάρχειν
712 4587 751 4625 so.
761 4565 808 4639 τὴν
817 4560 962 4642 παρ’ὑμῶν
977 4560 1080 4621 εὔνοιαν
1096 4560 1220 4644 (Reiske
1233 4562 1323 4625 ‘velut
1335 4567 1476 4623 honorem

286 4673 416 4751 aliquem
435 4672 536 4748 generi
553 4674 812 4730 adhaerescentem
829 4671 1023 4749 omnibusque
1039 4691 1076 4727 ex
1093 4670 1145 4727 illa
1160 4675 1248 4745 gente
1264 4670 1397 4727 oriundis
1413 4670 1476 4746 ipso

287 4777 453 4836 nativitatis
469 4777 533 4836 iure
550 4770 801 4856 competentem'),
823 4776 861 4833 ef.
878 4774 943 4832 falsi
961 4773 1170 4833 Demosthenis
1188 4769 1240 4852 [or.
1259 4769 1321 4852 59],
1343 4795 1380 4832 104
1397 4770 1476 4842 εἴτις

1288 4871 1319 4922 7*
