3530 5536
818 465 1031 518 -78-

950 653 1041 709 τοῦτον
1063 649 1109 708 τὀν
1131 649 1227 728 λόγον,
1250 649 1288 719 ῶς
1311 693 1318 706 .
1345 692 1363 725 .,
1387 650 1519 708 eiusdem

950 775 991 813 or.
1012 760 1060 824 12,
1081 775 1106 812 41
1126 756 1159 826 ἢν
1181 750 1214 826 δή
1230 773 1270 822 τις
1285 753 1382 826 ἡμᾶς.
1403 771 1517 829 ,παρα-

951 855 1047 938 βάλλῃ
1071 857 1108 930 μὴ
1131 857 1198 936 προς
1217 858 1266 930 τὴν
1286 859 1417 932 τυχοῦσαν
1438 855 1518 914 πόλιν

921 963 923 981 “
957 955 1111 1040 ’λλὰπρος
1125 961 1173 1033 τὴν
1186 959 1369 1038 Σπαρτιατῶν,
1385 961 1418 1034 ἣν
1431 957 1454 1018 οἱ
1468 957 1518 1033 μὲν

949 1063 1051 1124 πολλοὶ
1075 1062 1191 1143 μετρίως
1217 1063 1375 1140 ἐπαινοῦσιν,
1401 1064 1462 1123 ἔνιοι
1487 1061 1518 1122 δέ

922 1167 925 1250 1
949 1189 1019 1238 τινες
1035 1169 1126 1248 ὥσπερ
1146 1167 1200 1226 τῶν
1219 1169 1339 1242 ἡμιθέων
1357 1167 1415 1226 ἐκεῖ
1429 1187 1518 1226 πεττ-

950 1273 1116 1347 λιτευμὲνων
1150 1275 1300 1346 μέμνηνται
1330 1270 1392 1349 περὶ
1421 1273 1517 1348 αὑτῶν,

950 1377 1125 1454 φανησόμεθα
1142 1421 1148 1434 .
1168 1422 1186 1454 .,
1206 1379 1278 1437 ibid.
1296 1376 1311 1455 ἓ
1330 1384 1388 1436 111
1410 1377 1472 1447 τοὺς
1488 1375 1518 1434 δὲ

871 1469 881 1486 “
949 1481 1082 1552 τοιούτους
1096 1528 1102 1540 .
1117 1528 1124 1541 .
1141 1478 1186 1540 ἐπὶ
1200 1481 1245 1540 τὀν
1261 1481 1346 1559 λόγον
1363 1474 1438 1554 οἶμαι
1453 1482 1517 1560 τρέ-

950 1586 1046 1661 ψεσθαι
1069 1585 1113 1644 τὀν
1140 1582 1202 1664 περὶ
1228 1583 1282 1643 τῶν
1304 1584 1449 1644 πολιτειῶν
1472 1583 1519 1644 καί

950 1688 1185 1767 παραβάλλοντας
1199 1689 1277 1748 τάκεῖ
1291 1690 1448 1748 καθεστῶτα
1463 1691 1519 1760 τοῖς

952 1793 1048 1853 ἐνθάθε
1064 1839 1070 1852 .
1085 1841 1091 1852 .
1109 1793 1142 1852 ἐκ
1156 1793 1255 1852 τούτων
1272 1792 1454 1870 ἐγκωμιάσειν
1469 1792 1518 1866 τὴν

951 1899 1086 1976 Σπάρτην.
1103 1900 1186 1958 vides
1199 1900 1292 1974 igitur
1303 1919 1356 1957 eur
1366 1900 1519 1977 Lyeurgus

951 2004 981 2061 in
1002 2004 1161 2062 Leocratea
1180 2001 1196 2079 ξ
1217 2008 1276 2062 128
1297 2003 1519 2062 exeusationem

950 2107 1007 2165 sibi
1027 2113 1112 2183 paret
1131 2108 1230 2167 verbis
1249 2103 1296 2164 καί
1312 2107 1350 2179 μή
1366 2124 1413 2178 μοι
1429 2104 1518 2182 ἀχθε-

880 2255 882 2259 ,
951 2209 1043 2288 οθῆτε,
1056 2205 1078 2268 ὧ
1089 2209 1116 2270 σ’ί.
1127 2209 1175 2286 Ἀ,
1190 2207 1213 2267 εἰ
1225 2209 1364 2280 πολλάκις
1376 2210 1518 2285 μέμνημαι

950 2318 1003 2371 τῶν
1015 2308 1120 2391 ἀνδρῶν
1132 2314 1232 2372 τούτων
1246 2311 1299 2396 (se.
1308 2319 1361 2372 τῶν
1376 2313 1518 2372 Λακεδαι-

951 2414 1077 2500 μονίων).

433 2525 622 2583 Ostendimus
642 2524 743 2598 igitur,
765 2543 852 2601 quem
873 2524 1104 2600 intemperantes
1124 2525 1258 2602 plerique
1278 2545 1308 2582 se
1328 2525 1520 2586 exhibuerint

329 2629 359 2688 in
377 2630 582 2688 contionando.
613 2630 750 2706 quemad
766 2648 828 2686 rem
841 2630 967 2686 multum
983 2630 1161 2699 conferebat,
1179 2631 1256 2706 quod
1272 2629 1471 2687 Athenienses
1486 2630 1518 2687 in

329 2733 514 2791 contionibus
537 2740 567 2791 et
590 2753 642 2809 pro
665 2733 798 2790 hostibus
818 2734 909 2792 verba
930 2732 996 2791 fieri
1020 2733 1120 2810 itaque
1143 2733 1187 2790 rei
1211 2733 1345 2808 publicae
1368 2734 1519 2790 commoda

329 2836 422 2913 proici
443 2856 475 2894 ae
496 2836 582 2912 prodi
603 2836 738 2894 sinebant
757 2835 936 2914 auribusque
952 2836 1012 2893 suis
1028 2837 1134 2895 serviri
1155 2837 1343 2912 patiebantur
1358 2842 1388 2894 et
1408 2842 1442 2894 ut
1460 2836 1518 2913 ipsi

329 2941 424 3016 parati
445 2947 528 2998 erant
548 2941 582 2998 ad
604 2941 779 2999 ineusandos
799 2940 913 3017 aliquos
930 2946 960 2998 et
980 2941 1184 3015 obiurgandus,
1205 2942 1246 3000 eie
1262 2941 1386 2998 aliorum
1402 2961 1518 3018 quoque

330 3044 586 3104 criminationibus
602 3045 732 3102 maxime
748 3046 950 3120 indulgebant.
982 3046 1019 3103 ef.
1036 3067 1064 3122 p.
1084 3050 1133 3103 16.

395 3170 438 3226 pr.
461 3155 489 3219 2,
514 3169 525 3206 1
548 3147 595 3221 τὴν
616 3145 666 3220 μὲν
685 3145 739 3227 γὰρ
758 3146 897 3206 πολιτείαν

331 3250 524 3332 δημοκρατίαν,
534 3253 624 3330 ὥσπερ
633 3253 749 3322 ἅπαντες
756 3249 823 3329 ἰὀτε,
833 3251 897 3309 ὀνο-

330 3358 445 3430 μάζετε·
458 3354 511 3414 τῶν
524 3354 555 3415 δὲ
566 3355 691 3415 τάναντία
700 3355 781 3435 ταύτῃ
793 3355 896 3433 λεγόν-

329 3480 382 3519 των
396 3459 480 3531 ἐνίους
491 3459 567 3534 ἥδιον
581 3459 727 3530 ἀκούοντας
739 3460 803 3537 ὁρῶ.
827 3461 897 3520 vide

330 3587 358 3643 p.
378 3572 414 3625 17
425 3569 452 3625 b.

396 3793 440 3849 pr.
458 3777 508 3844 25,
525 3793 536 3831 2
553 3774 597 3830 νῦν
614 3770 638 3829 θ’
647 3769 760 3829 ἀκούετε
778 3771 828 3845 μὲν
843 3775 896 3830 τῶν

331 3874 497 3949 άβοθλεσθε
516 3875 655 3953 λεγόντων
674 3872 770 3948 ἥδιστα
787 3921 793 3934 .
812 3921 831 3952 .,
852 3897 895 3953 pr.

320 3985 382 4052 26,
399 4000 411 4039 τ
426 3981 495 4039 vide
511 4002 538 4057 p.
560 3984 632 4039 lte.

1016 3152 1102 3207 Dem.
1131 3169 1172 3207 or.
1203 3155 1231 3220 8,
1260 3169 1285 3208 σα
1312 3147 1341 3206 ἐν
1369 3149 1438 3229 μόνῃ
1464 3152 1517 3206 τῶν

950 3257 1044 3311 πασῶν
1063 3233 1173 3310 πόλεων
1193 3256 1226 3330 τῇ
1242 3252 1359 3333 ὑμετέρᾳ
1375 3251 1444 3310 ἄδει’
1453 3250 1518 3328 ὑπὲρ

922 3351 925 3438 ί
949 3362 1003 3413 τῶν
1020 3354 1124 3435 ἐχθρῶν
1140 3354 1235 3431 λέγειν
1252 3354 1371 3432 δέδοται,
1388 3377 1429 3416 or.
1448 3363 1476 3428 9,
1492 3377 1518 3416 55

951 3459 1029 3519 άλλά
1054 3457 1100 3518 καὶ
1124 3459 1194 3533 μετὰ
1215 3459 1344 3531 πλείονος
1367 3460 1517 3539 ἀσφαλείας

950 3563 1140 3624 πολιτεύεσθαι
1158 3563 1298 3623 δεδώκατε
1313 3565 1414 3637 τούτοις
1429 3568 1447 3639 ἢ
1462 3567 1517 3635 τοῖς

950 3667 1015 3747 ὑπὲρ
1032 3670 1105 3743 Ιυμῶν
1121 3667 1256 3745 λέγουσιν.

1015 3776 1101 3832 Dem.
1122 3794 1164 3832 or.
1187 3779 1214 3846 9,
1235 3795 1249 3832 4
1268 3767 1319 3831 εἷθ’
1332 3773 1391 3846 ὑμῖν
1412 3774 1516 3849 συμβέ-

950 3874 1035 3951 βηκεν
1056 3875 1088 3934 ἐκ
1107 3876 1199 3935 τούτου
1219 3876 1248 3934 ἐν
1268 3875 1319 3949 μὲν
1334 3879 1393 3947 ταῖς
1409 3877 1517 3951 ἐκκλη-

951 3981 1018 4051 σίαις
1037 3986 1135 4060 τρυφᾶν
1154 3979 1201 4040 καί
1215 3975 1415 4041 κολακεύεσθαι
1430 3985 1517 4042 πάντα

949 4085 1016 4165 προς
1041 4084 1142 4162 ἡδονὴν
1169 4085 1318 4166 ἀκούουσιν,
1349 4086 1377 4144 ἐν
1405 4085 1436 4146 δὲ
1461 4090 1518 4159 τοῖς

949 4189 1090 4268 πράγμασι
1113 4187 1237 4261 καὶτοῖς
1261 4191 1435 4269 γιγνομένοις
1456 4189 1518 4273 περὶ

950 4298 1003 4352 τῶν
1020 4293 1143 4370 ἐσχάτων
1158 4293 1211 4370 ἤδη
1229 4294 1397 4355 κινδυνεύειν.
1426 4301 1516 4357 Isoer.

951 4419 992 4457 or.
1011 4404 1038 4469 8,
1058 4418 1071 4458 5
1090 4396 1136 4456 καί
1151 4401 1204 4478 γάρ
1219 4419 1260 4457 τοι
1275 4401 1442 4474 πεποιήκατε
1456 4400 1517 4470 τοὺς

951 4500 1066 4579 ῥήτορας
1082 4501 1201 4576 μελετᾶν
1212 4499 1259 4562 καί
1270 4502 1422 4581 φιλοσοφεῖν
1438 4504 1468 4562 σὺ
1484 4504 1518 4562 τά

951 4603 1094 4678 μέλλοντα
1118 4612 1151 4685 τῇ
1177 4606 1258 4665 πόλει
1284 4605 1421 4686 συνοίσειν,
1449 4607 1517 4668 ἀλλ’

922 4685 926 4789 i
951 4707 1023 4778 ὅπως
1036 4708 1200 4789 ἀρέσκοντας
1212 4710 1271 4783 ὑμῖν
1287 4710 1389 4788 λόγους
1403 4710 1514 4791 ἐροῦσιν.
