3530 5536
813 435 1031 491 -88-’

325 627 482 695 adducant,
505 625 579 682 baec
599 624 698 682 omnia
716 624 749 683 in
769 643 812 682 or.
833 624 911 682 IIII.
932 627 1160 700 pertractantur,
1185 623 1215 681 id
1237 623 1316 700 quod
1338 623 1395 680 hac
1417 621 1517 679 tabula

325 729 476 806 proposita
492 729 601 787 elucet:

389 852 434 909 pr.
453 837 531 904 21,σ
551 830 628 903 ὑμεῖς
644 825 757 888 εἰώθατε
772 826 810 905 τῷ
827 827 894 902 βου·
1014 849 1055 888 or.
1079 832 1148 888 IIII
1172 835 1212 887 20
1235 826 1269 886 τὰ
1292 827 1397 905 μέγιστ’
1411 827 1440 885 ἐν
1461 828 1517 898 τοῖς

325 934 453 994 λεὺεσθαι
468 933 585 1012 χρῆσθαι
600 930 695 1005 ὀξέως.
724 933 765 992 δεῖ
780 933 810 993 δὲ
828 932 895 1006 βου·
948 931 1111 1010 ψηφίσμασιν
1127 931 1290 1012 αἱρούμενοι,
1313 929 1355 990 ἐπὶ
1375 929 1414 1010 τῷ
1428 933 1517 1010 πράτ-

325 1038 452 1097 λεθεσθαι
477 1037 527 1112 μὲν
551 1037 591 1115 ἐρ’
604 1036 729 1116 ἡσυχίας,
755 1039 841 1097 ποιεῖν
864 1037 896 1096 δὲ
947 1056 1002 1096 σειν
1022 1035 1086 1096 οὐδὲ
1105 1036 1139 1094 τὰ
1158 1035 1242 1116 μικρὰ
1255 1036 1366 1116 ποιεῖτε,
1386 1036 1402 1114 S
1419 1043 1458 1096 30
1475 1035 1518 1094 ἵνα

326 1142 360 1202 τὰ
377 1138 493 1213 δόξαντα
514 1141 583 1218 μετὰ
598 1140 728 1220 σπουδῆς,
749 1145 822 1203 ibid.
838 1146 894 1220 ψη·
949 1141 987 1216 μὴ
1004 1143 1087 1216 μόνον
1104 1141 1132 1199 ἐν
1147 1141 1204 1213 τοῖς
1219 1139 1389 1219 ψηφίσμασι.
1404 1187 1411 1200 .
1426 1140 1517 1200 πολε-

327 1246 437 1325 ρίσμαθ
447 1248 507 1322 ὑμῖν
522 1247 668 1326 περιέσται.
949 1251 1018 1320 μῆτε
1031 1242 1174 1324 Φιλίππῳ,
1191 1243 1269 1304 ἀλλὰ
1284 1241 1402 1316 καὶτοῖς
1418 1244 1517 1324 ἔργοις,

948 1349 964 1428 §
981 1355 1020 1410 45
1037 1351 1163 1428 ψήφισμα
1178 1349 1267 1409 κενόν.

393 1455 466 1514 ibid.
490 1451 514 1512 εί
541 1453 579 1528 μὴ
606 1451 653 1513 καὶ
678 1453 777 1536 τροφὴν
799 1453 896 1530 ίκανίην
1014 1457 1087 1515 ibid.
1098 1454 1113 1533 ψ
1126 1462 1163 1516 19
1178 1463 1255 1515 extr.
1268 1452 1314 1513 καὶ
1327 1452 1425 1532 τροφὴν
1437 1452 1520 1534 ταύτῃ

326 1559 444 1636 ποριεῖτε
459 1603 487 1618 ..
950 1562 1001 1638 (sc.
1017 1565 1051 1640 τῇ
1068 1559 1191 1636 δυνάμει)
1212 1558 1319 1639 πορίσαι
1337 1558 1455 1618 κελεύω.
1487 1581 1520 1618 ac

950 1671 1069 1743 praeter
1083 1668 1162 1723 hunc
1178 1665 1245 1723 aliis
1260 1665 1351 1723 ctiam
1366 1665 1438 1723 locis
1455 1685 1519 1741 prc-

950 1771 1043 1828 mitur
1057 1775 1238 1829 commeatus
1253 1770 1369 1828 abunde
1385 1773 1520 1846 oportere

950 1881 1115 1951 suppetere.

394 1976 465 2033 ibid.
497 1972 599 2048 βελτίω
634 1975 658 2034 δ’
676 1976 731 2034 οὐδ’
748 1977 833 2036 ὁτιοῦν
863 1975 898 2035 τὰ
1015 1978 1088 2036 ibid.
1105 1977 1120 2055 ψ
1137 1983 1175 2036 46
1193 1974 1299 2035 καὶτὸν
1316 1973 1520 2035 δεῖνάἰτιυίσα-

328 2079 467 2159 πράγματ’
481 2079 569 2158 ἔσται,
597 2083 711 2160 κρινεῖτε
739 2080 764 2140 δ’
776 2083 805 2140 ’ὸν
816 2083 837 2157 ¹)
866 2085 898 2140 ἂν
951 2082 1010 2140 σθαι
1022 2078 1068 2140 καὶ
1080 2081 1125 2140 τὀν
1139 2080 1204 2140 δεῖν’
1214 2081 1278 2159 ἔστι,
1291 2081 1325 2139 τὰ
1338 2080 1369 2140 δὲ
1382 2081 1520 2160 πράγματ’

330 2181 466 2258 βούλησθε
483 2182 662 2263 ὀργισθέντες,
695 2208 769 2265 quac
790 2189 899 2246 deinde
953 2185 1093 2245 ἑκτούτων
1102 2184 1394 2265 ἀπολωλεκξϋτῶν
1404 2205 1520 2265 στρατη-

329 2297 493 2368 sequuntur
513 2288 529 2366 ψ
546 2295 564 2348 4
586 2312 628 2368 sq.
647 2287 754 2365 δεηθείς
774 2286 848 2364 ὑμῶν
865 2337 873 2351 .
892 2335 899 2350 .
952 2295 1009 2370 γῶν
1022 2291 1137 2361 ἕκαστος
1150 2287 1191 2360 δὶς
1202 2287 1248 2349 καὶ
1259 2286 1316 2370 τρίς
1327 2290 1445 2368 κρίνεται
1456 2289 1520 2369 παρ’

329 2415 422 2471 usque
434 2396 471 2452 ad
483 2395 573 2452 finem
585 2396 730 2471 prooemii
742 2402 794 2455 aut
806 2397 900 2454 isdem
954 2395 1014 2470 ὑμῖν
1029 2391 1090 2474 περὶ
1107 2394 1221 2453 θανάτου
1239 2439 1246 2454 .
1264 2440 1271 2454 .

330 2499 429 2559 verbis
441 2520 580 2576 expressa
591 2505 643 2558 aut
658 2502 779 2577 paulum
794 2501 900 2559 immu-

332 2608 505 2662 tatacxtarc
517 2604 549 2662 in
561 2624 602 2662 or.
613 2607 681 2663 IIII
694 2610 731 2664 13
742 2627 804 2684 sqq.
814 2626 902 2682 supra

331 2710 563 2767 demonstratum
583 2715 627 2767 cst
652 2703 704 2790 (of.
721 2732 749 2787 p.
768 2715 807 2769 54
830 2705 900 2788 οη.)

434 2815 539 2891 Neque
551 2814 610 2871 alia
625 2817 841 2890 praetereunda
853 2821 929 2872 sunt.
954 2815 1049 2874 veluti
1062 2816 1140 2892 quod
1156 2834 1200 2890 pr.
1216 2819 1265 2886 21,
1283 2835 1295 2872 a
1310 2815 1419 2889 legitur
1434 2809 1458 2870 εἰ
1473 2810 1523 2885 μὲν

332 2911 376 2974 οὖν
397 2911 472 2996 ἀεὶῖ)
492 2913 608 2994 ταθτὰθ)
630 2914 841 2998 πυνθάνεσθαιί)
858 2962 865 2976 .
884 2962 890 2976 .
908 2915 1052 2995 βούλεσθε,
1073 2939 1127 2994 per
1147 2940 1177 2976 se
1198 2938 1256 2977 non
1271 2924 1406 2995 apertum
1421 2920 1457 2975 ad
1478 2918 1523 2974 iu-

331 3023 541 3096 tellegendum‚
558 3022 768 3098 explicandum
784 3028 828 3081 cst
843 3023 891 3080 his
907 3043 948 3081 or.
961 3025 1038 3081 IIII.
1055 3023 1138 3082 locis:
1155 3021 1253 3099 51οῆ
1271 3019 1428 3094 βούλεσθ’..
1444 3039 1523 3099 περι-

333 3124 417 3192 ιόντες
430 3169 437 3182 .
452 3168 459 3182 .
472 3124 658 3199 πυνθάνεσθαι,
675 3124 789 3203 λέγεταί
801 3146 825 3184 τι
837 3127 943 3205 καινὸν,
959 3125 975 3204 §
988 3132 1026 3185 41
1045 3123 1105 3205 πρὶν
1119 3127 1150 3182 ἂν
1165 3129 1183 3200 ἢ
1199 3127 1386 3204 γεγενημένον
1397 3128 1415 3198 η
1427 3125 1523 3203 γιγνό-

332 3230 414 3301 μενόν
426 3248 451 3286 τι
462 3228 590 3303 πύθησθε.
606 3251 693 3307 porro
705 3233 857 3290 fluxerunt
869 3232 901 3289 in
912 3231 1062 3309 prooemio
1076 3231 1127 3288 illo
1139 3252 1178 3289 cx
1190 3251 1231 3290 or.
1244 3233 1321 3289 ΙΠΙ.
1334 3233 1407 3290 haec
1418 3233 1522 3290 verba:

396 3355 439 3411 pr.
459 3339 508 3405 21,
526 3354 537 3391 1
555 3329 619 3416 (ὑπο
634 3338 684 3410 τῆς
700 3330 793 3418 ἐνίων)
811 3333 899 3394 ἀσελ-
1018 3356 1059 3394 or.
1073 3337 1170 3409 11119
1187 3327 1227 3418 (σῖ
1240 3330 1424 3416 προελήλυθ’)
1436 3332 1524 3392 ἀσελ-

330 3437 419 3517 γείας,
952 3437 1041 3518 γείας,

396 3545 469 3603 ibid.
493 3543 599 3619 ἤγομεν
621 3541 747 3622 ἡσυχίαν,
775 3547 812 3604 cf.
836 3544 852 3622 ψ
882 3551 898 3603 2
1018 3545 1091 3604 ibid.
1109 3543 1185 3621 σ’ίγειν
1201 3543 1326 3620 ἡσυχίαν.

331 3651 432 3724 σχῶσιν
447 3646 562 3723 ἡσυχίαν
580 3646 688 3725 ἐκεῖνοι,
1329 3664 1331 3668 ’

395 3751 535 3829 §epora
541 3748 654 3829 ἐπί(τῶν
661 3751 729 3809 οὕτω
736 3748 896 3828 δοξάντων).
1019 3752 1035 3830 ψ
1047 3759 1085 3812 33
1100 3749 1143 3810 ἐπὶ
1157 3749 1209 3834 (τῷ
1221 3749 1353 3834 πολέμῳ)
1368 3753 1458 3828 μένειν
1469 3799 1475 3811 .
1487 3748 1522 3832 ,5)

437 4009 455 4072 ¹)
478 4010 577 4077 κρινεῖτε
604 4009 630 4059 δὲ
657 4007 683 4059 ὃν
710 4011 865 4061 coniectura
887 4027 904 4060 a
925 4010 1065 4060 Dindorfio
1088 4011 1186 4061 Wolfio
1214 4012 1315 4062 tributa
1336 4014 1389 4062 iam
1414 4014 1442 4061 in
1465 4013 1522 4062 cod.

331 4098 445 4148 Vindob.
458 4100 475 4147 4
489 4098 557 4163 (GV)
576 4100 772 4163 prooemiorum
792 4098 939 4164 exemplari
957 4100 1044 4162 priore
1062 4097 1170 4164 legitur.
1196 4099 1278 4164 vulgo
1297 4100 1413 4149 traditur
1431 4097 1523 4165 κρίνετε

332 4182 358 4234 δὲ
377 4175 419 4246 ὧν,
437 4187 489 4235 nisi
508 4185 580 4250 quod
599 4182 617 4232 Σ
636 4200 659 4235 a.
679 4201 712 4235 m.
732 4187 747 4233 2
767 4184 848 4235 habet
868 4181 901 4235 ὃν.

437 4271 457 4336 ²)
475 4273 536 4322 Hoc
558 4273 665 4338 egregie
683 4274 801 4322 servavit
823 4272 907 4324 codex
926 4269 953 4333 Σ,
977 4273 1048 4337 quod
1071 4274 1099 4321 in
1118 4271 1156 4321 δεῖ
1172 4269 1242 4338 (odi)
1261 4278 1326 4323 nota
1344 4276 1448 4324 ratione
1468 4290 1524 4323 cor-

331 4365 438 4426 ruptum
458 4365 498 4409 est
515 4361 544 4408 in
563 4360 667 4421 ceteris,
691 4361 743 4408 nisi
762 4359 834 4424 quod
853 4355 889 4408 ἀεὶ
908 4361 988 4409 etiam
1007 4361 1036 4408 in
1054 4359 1138 4410 altero
1158 4362 1356 4425 prooemiorum
1375 4361 1523 4426 exemplari

332 4448 430 4498 codicis
449 4447 563 4497 Vindob.
581 4449 598 4496 4
617 4447 686 4512 (CV)
705 4449 817 4513 repperi.
845 4448 937 4513 itaque
956 4453 1029 4498 recto
1048 4443 1083 4496 ἀεὶ
1102 4449 1207 4514 scripsit
1226 4448 1348 4512 Dindorf,
1372 4449 1444 4514 quod
1468 4451 1523 4498 iam

332 4540 467 4585 servatum
486 4549 544 4585 csse
563 4536 680 4600 oportuit
698 4547 715 4584 a
733 4534 866 4584 Bekkcro.
1523 4543 1527 4550 “

438 4623 458 4686 ³)
478 4622 571 4672 Facile
589 4621 696 4673 refinxit
714 4619 788 4671 ταύτὰ
805 4621 914 4672 Dobree
932 4637 947 4672 c
966 4621 1094 4672 librorum
1113 4623 1245 4688 scriptura
1262 4623 1345 4673 ταῦτα.

438 4707 458 4771 ⁴)
479 4706 498 4757 Σ
517 4713 580 4758 nota
598 4710 702 4758 ratione
719 4705 872 4759 πυνθάνεσθε.
979 4709 998 4772 ⁵)
1018 4708 1057 4758 cf.
1077 4727 1101 4775 p.
1120 4711 1162 4760 87.
1321 4705 1322 4708 '
