3530 5536
840 470 1054 522 ..1ss-

353 652 419 733 ῖιιτὲρ
441 657 494 713 τῶν
513 656 653 734 παρέντων
668 653 694 714 οῖ
708 653 849 733 λέγοντες,
872 651 939 714 ἀλλ’
956 654 1058 714 ἑαυτῶν
1078 658 1256 735 κατηγοροῦσι
1275 653 1323 715 καί
1344 653 1540 736 λοιδοροῦνται.

352 781 396 839 ρι.
411 765 460 832 31,
474 781 485 819 ι
497 759 527 819 το
537 758 591 839 γὰρ
603 759 754 830 στασιάζειν
764 759 831 839 πρδς
844 758 938 831 αὑτοῖις
949 757 996 818 καί
1007 762 1170 840 κατηγορεῖν
1186 759 1323 836 ἀλλήλων
1338 759 1402 820 ἄνευ
1413 753 1539 840 κρίσεως,

353 857 442 936 σὺδείς
458 863 527 924 ἐστιν
543 863 627 935 οίιτως
642 863 778 942 ἀγνώμων
794 864 864 933 ὅστις
878 864 909 923 oi>
924 865 1032 943 φήσειεν
1048 866 1080 922 ἂν
1096 863 1205 940 βλάβην
1221 859 1291 924 είναι
1306 868 1362 936 τοῖς
1373 866 1539 945 πράγμασιν.

352 990 396 1047 pr.
415 975 443 1043 8,
461 991 486 1029 1:
503 991 551 1032 ex.
567 990 608 1029 or.
624 971 709 1028 XVI.
727 965 873 1048 ἀμφότεροί
888 988 933 1044 μοι
950 967 1072 1028 δοκοῦσιν
1088 968 1252 1049 ἁμαρτάνειν
1269 1013 1277 1030 .
1295 1014 1302 1030 .
1319 971 1411 1049 ὥσπερ
1425 968 1479 1048 γὰρ
1495 967 1540 1046 ἀρ’

353 1071 491 1154 ἑκατέρων
502 1074 625 1152 ἥκοντες,
638 1071 690 1150 οίιχ
700 1070 775 1147 ὑμῶν
787 1071 862 1144 ίίντες
874 1119 881 1133 .
896 1117 904 1134 .
916 1075 1096 1153 κατηγοροῦσι
1111 1069 1158 1132 καί
1173 1071 1368 1147 διαβάλλουσιν
1380 1072 1539 1153 ἀλλήλους;

353 1182 391 1240 cf.
404 1180 494 1240 etiam
508 1200 553 1257 pr.
568 1184 617 1252 53,
634 1199 700 1258 asq.
718 1175 744 1236 αί
759 1181 813 1237 τῶν
829 1175 948 1258 ῥητόρων
964 1178 1089 1237 ἁπάντων
1105 1177 1168 1237 ἄνευ
1184 1177 1298 1257 κρίσεως
1311 1179 1380 1257 πρδς
1394 1177 1541 1254 ἀλλήλους

351 1281 495 1363 λοιδορίαι,
511 1277 548 1341 ὄιν
558 1279 582 1366 1)
595 1285 628 1340 ἂν
639 1281 785 1358 ἀλλήλους
796 1277 989 1361 ἐξελέγξωσιν,
1006 1281 1076 1356 ὑμᾶς
1086 1277 1136 1352 τὰς
1148 1281 1259 1354 εὐθύνας
1275 1281 1378 1344 διδόναι
1393 1284 1516 1342 ποιοῦσι.
1531 1326 1538 1342 .

352 1395 441 1468 atque
459 1394 555 1448 totum
573 1390 637 1448 fere
656 1409 701 1466 pr.
717 1389 775 1447 XI.
792 1388 824 1446 in
840 1408 874 1448 eo
888 1393 1032 1460 versatur,
1053 1394 1087 1447 ut
1101 1390 1315 1447 admoneantur
1328 1389 1477 1448 auditores
1493 1407 1540 1446 ac·

353 1494 517 1554 cusationes
532 1513 632 1552 omnes
648 1513 711 1552 esse
723 1493 911 1564 differendas,
928 1495 965 1550 dc¹
981 1495 1067 1552 rebus
1083 1494 1286 1570 praesentibus
1302 1497 1333 1551 et
1347 1493 1457 1552 futuris
1473 1511 1540 1550 con·

353 1598 452 1657 silium
464 1600 602 1670 dandum,
618 1618 677 1657 non
688 1597 815 1659 convicii
826 1602 878 1656 aut
889 1598 1128 1674 reprehensionis
1143 1604 1259 1676 tempus
1270 1619 1346 1669 essc3
1363 1597 1411 1657 cui
1426 1597 1541 1656 accedit

352 1723 396 1779 pr.
414 1707 464 1775 20,
481 1723 502 1762 ι.
523 1704 574 1761 sed
590 1722 656 1761 cum
671 1707 797 1780 uterque
812 1704 892 1761 locus
911 1703 1004 1778 magis
1024 1705 1061 1762 ad
1080 1703 1266 1762 audientium
1285 1722 1440 1780 personam
1454 1721 1539 1762 revo-

352 1809 461 1866 candus
476 1827 539 1866 esse
553 1807 701 1879 videatur,
718 1827 786 1865 eum
801 1807 898 1884 potius
913 1806 992 1866 intra
1007 1809 1207 1867 tractabimus.
1215 1805 1240 1884 ί)

455 2017 625 2094 Sequuntur
642 2015 708 2087 loci,
733 2016 785 2093 qui
807 2036 850 2073 ex
870 2035 990 2074 eorum
1009 2016 1069 2093 qui
1089 2016 1241 2074 audiunt
1260 2035 1413 2093 persona
1428 2017 1540 2075 ducun-

352 2126 409 2178 tur.
434 2121 540 2199 quibus
562 2121 633 2179 locis
655 2125 707 2178 aut
728 2121 829 2178 laudes
852 2124 903 2178 aut
920 2119 1155 2197 vituperationes
1175 2121 1360 2179 audientium
1380 2140 1540 2198 eorumque

352 2227 531 2285 condicionis
546 2226 741 2285 'continentur
760 2244 793 2283 ac
813 2229 969 2300 praecepta
985 2224 1162 2297 inferuntur,
1179 2245 1268 2303 quem
1284 2225 1314 2282 in
1331 2227 1450 2282 modum
1464 2226 1539 2283 bone

352 2331 408 2391 sibi
424 2331 541 2409 suisque
556 2333 643 2389 rebus
658 2331 809 2388 consulere
825 2329 946 2405 possint.
963 2329 1063 2407 quain
1074 2349 1107 2387 re
1118 2332 1174 2388 hoc
1187 2330 1217 2387 in
1233 2329 1337 2406 primis
1353 2329 1539 2390 animadver-

352 2437 474 2494 tendum
493 2440 547 2506 est,
567 2435 826 2511 reprehendendos
846 2453 909 2492 esse
929 2433 1058 2491 maximo
1073 2453 1162 2511 opere
1177 2433 1340 2506 audientes,
1362 2434 1472 2511 quippe
1487 2433 1539 2511 qui

351 2539 547 2600 libentissime
562 2557 647 2596 aures
658 2540 818 2614 praebeant
833 2537 886 2609 eis,
900 2538 960 2615 qui,
973 2539 1043 2595 dum
1059 2539 1095 2596 ad
1107 2540 1289 2599 voluntatem
1304 2540 1464 2616 loquuntur
1478 2557 1539 2596 om·

351 2645 410 2717 nia,
432 2645 509 2703 nihil
529 2643 746 2715 adversitatem,
768 2642 955 2701 audientium
970 2643 1090 2701 auribus
1105 2643 1268 2734 servientes
1281 2645 1366 2704 volut
1380 2645 1461 2700 tabes
1475 2662 1539 2700 rem

351 2749 498 2827 publicam
509 2748 656 2819 inficiant;
673 2747 760 2826 qnid?
776 2749 854 2826 quod
865 2750 915 2808 vel
927 2748 979 2819 eis,
996 2748 1048 2826 qui
1059 2749 1198 2808 adversus
1213 2768 1277 2806 rem
1291 2748 1438 2824 publicam
1449 2749 1540 2807 verba

351 2852 473 2926 faciunt,
497 2855 660 2911 auscultare
680 2854 773 2928 magis
789 2873 877 2931 quam
898 2873 956 2925 eos,
980 2853 1032 2931 qni
1048 2873 1113 2911 eam
1129 2854 1302 2924 defendunt,
1325 2851 1429 2909 audire
1443 2851 1539 2928 parati

352 2961 429 3017 sunt.
445 2977 503 3015 non
518 2958 619 3015 deesse
634 2962 733 3015 autem
748 2957 780 3014 in
796 2957 917 3017 civitate
933 2957 1015 3028 tales,
1032 2957 1122 3014 immo
1138 2976 1274 3031 magnam
1289 2956 1320 3013 id
1336 2975 1427 3030 genus
1442 2954 1539 3012 homi·

352 3083 422 3120 num
438 3082 499 3120 esse
515 3060 629 3137 copiam
644 3062 729 3119 modo
744 3061 930 3120 intellectum
945 3065 999 3120 est.

932 3255 959 3293 a.

455 3398 498 3454 pr.
513 3380 563 3448 25,
576 3395 589 3434 a
604 3376 648 3432 νῦν
664 3369 688 3432 δ’
697 3371 811 3432 ἀκούετε
827 3372 877 3446 μὲν
892 3377 946 3430 τῶν
962 3374 980 3430 οἳ
996 3371 1128 3446 βούλεσθε
1142 3371 1281 3450 λεγόντων
1296 3371 1402 3450 ἥδιστα,
1419 3368 1539 3430 αἰτιᾶσθε

353 3480 383 3548 δὲ
397 3475 537 3550 πολλάκις
553 3474 689 3549 ἐξαπατᾶν
705 3477 774 3552 ὑμᾶς
791 3477 894 3555 αὐτούς,
911 3479 943 3535 ἂν
959 3475 997 3552 μὴ
1014 3473 1092 3535 πάνθ’
1105 3477 1134 3535 δν
1150 3476 1183 3536 ἂν
1198 3476 1275 3550 ὑμεῖς
1290 3477 1387 3555 τρόπον
1401 3475 1538 3551 βούλησθε

350 3585 486 3663 γένηται.
505 3629 536 3661 .,
557 3605 601 3662 pr.
620 3588 669 3656 26,
687 3604 699 3642 a
721 3581 777 3660 ἐγὼ
792 3580 845 3660 γὰρ
862 3575 933 3662 οἴδα,
953 3579 1054 3656 νομίζω
1074 3579 1106 3638 δὲ
1124 3579 1171 3640 καὶ
1186 3579 1266 3661 ὑμαῖς,
1287 3581 1327 3641 ὅτι
1340 3583 1386 3640 νῦν
1402 3580 1453 3654 μέν
1470 3580 1537 3659 αἰρέ-

352 3708 443 3748 σκσυσι
459 3684 569 3763 μάλισθ’
578 3685 639 3762 ὑμῖν
654 3685 680 3745 oi
694 3683 768 3746 ταῦθ’
777 3677 822 3744 οἷα
834 3686 912 3761 ὑμεῖς
923 3685 1057 3760 βοίιλεσθε
1069 3685 1217 3764 λέγοντες·
1234 3685 1266 3744 διν
1283 3684 1314 3745 δέ
1328 3706 1353 3744 τι
1369 3683 1458 3767 συμβῇ
1473 3679 1538 3763 παρ’

353 3795 371 3851 οἳ
384 3796 428 3852 νῦν
444 3791 542 3872 oteres,
558 3792 573 3850 δ
586 3790 624 3868 μὴ
637 3790 765 3870 συμβαίη,
781 3790 889 3861 τούτους
902 3789 952 3865 μὲν
965 3787 1166 3867 ἐξηπατηκέναι
1181 3793 1299 3866 νομιεῖτε
1314 3790 1383 3865 ὑμᾶς
1400 3835 1407 3850 .
1426 3835 1432 3848 .
1449 3793 1539 3849 habes

352 3901 428 3958 locos
444 3899 609 3957 simillimos
625 3904 656 3956 et
670 3918 762 3975 paene
778 3899 919 3974 geminos.

455 4005 545 4062 Tecta
555 4023 609 4062 nec
621 4008 719 4061 tamen
731 4023 833 4079 parum
845 4009 946 4080 aperto
957 4005 1030 4061 haec
1043 4001 1122 4060 dicta
1135 4007 1202 4060 sunt
1214 4022 1257 4078 pr.
1270 4005 1298 4073 5,
1308 4021 1333 4059 1:
1347 3998 1423 4077 Ὁρῶ
1439 3998 1500 4077 μέν,
1517 3992 1538 4055 ὦ

353 4107 380 4168 ἄ.
390 4106 442 4185 Ἀ,
462 4108 612 4165 παντάπασι
626 4103 766 4186 πρόδηλον
781 4108 811 4164 δν
827 4105 873 4178 οίίς
888 4105 911 4165 τ’
922 4108 954 4165 οῖν
970 4105 1113 4165 ἀκούσαιτε
1124 4104 1230 4182 Ιλόγους
1244 4103 1337 4179 ἡδέως
1351 4100 1398 4162 καί
1411 4103 1479 4182 πρδς
1493 4101 1540 4172 οὒς

353 4212 402 4270 σῖικ
414 4207 520 4281 οἰκείως
530 4210 624 4288 ἔχετε·
637 4211 667 4270 oo
679 4209 732 4285 μὴν
745 4208 823 4268 ἀλλὰ
833 4211 863 4269 τδ
876 4210 927 4285 μέν
938 4208 1032 4289 λέγειν
1046 4211 1114 4280 ἅτις
1122 4206 1206 4268 σ’ίεται
1217 4209 1370 4288 χαριεῖσθαι
1382 4213 1435 4266 τῶν
1446 4225 1538 4286 παρα-

352 4315 514 4396 κρούσασθαί
525 4334 551 4373 τι
563 4313 737 4389 βουλομένων
750 4308 817 4373 εἶναι
828 4312 930 4389 νομίζω
943 4359 951 4375 .
965 4360 972 4374 .
986 4338 1008 4394 ‚3
1025 4317 1061 4374 cf.
1073 4316 1162 4374 ctiam
1174 4336 1217 4392 pr.
1232 4319 1280 4386 10,
1294 4312 1379 4384 ντσῖις
1391 4311 1415 4371 δ’
1424 4311 1539 4390 ἀφέντας

457 4487 477 4554 ¹)
496 4477 530 4536 ὧν
548 4485 669 4551 Bekkcr3
687 4487 749 4537 libri
767 4484 810 4545 ὡς.

458 4574 477 4639 ²)
497 4575 621 4625 Ceterum
634 4590 689 4624 non
701 4573 819 4624 alienum
833 4588 890 4623 asse
902 4573 1009 4622 videtur
1021 4587 1112 4623 eorum
1126 4587 1232 4639 quoquo
1250 4572 1369 4622 locorum
1388 4571 1540 4634 admonere,

354 4660 449 4726 quibus
474 4663 628 4727 scriptorem
651 4661 798 4710 incusantis
820 4659 865 4709 vel
888 4660 958 4710 male
982 4660 1095 4710 dicentis
1117 4661 1233 4725 speciem
1255 4661 1335 4708 anxis
1357 4661 1442 4708 vitare
1460 4671 1540 4722 supra

353 4749 476 4800 vidimus.
