3530 5536
672 517 884 570 -29-

182 701 211 760 oi.
227 702 274 780 Ἄ,
287 700 389 776 νομίζω
402 702 440 772 ὡς
451 702 518 780 οὺχς
534 705 571 763 of.
585 724 628 780 pr.
644 707 681 762 51
694 701 831 762 οὒδέν’όίν
844 694 947 781 ᾠόμην,
964 697 986 761 ὦ
1000 702 1025 761 όί.
1039 701 1079 762 Ἀ.
1092 709 1122 762 et
1131 708 1169 763 41
1181 701 1299 781 oseae,
1313 699 1335 761 ὦ
1347 702 1373 762 οῖ’.

181 805 238 884 Ἀ,
249 852 273 868 ..
287 803 418 886 οἴομαιί)
429 843 469 850 -
480 829 523 884 pr.
535 813 573 866 36
586 807 696 886 Πρῶτον
709 808 769 885 μέν,
783 801 841 866 ὦοῗ.
852 806 906 885 Ἀ,
919 806 949 864 od
958 808 1041 866 ποίνυι
1054 829 1097 885 pr.
1109 813 1148 866 38
1158 806 1270 886 Πρῶτον
1283 806 1334 882 μὲν
1346 809 1376 866 οῖι

180 907 252 968 πάνυ
266 955 274 970 .
288 955 296 970 .
310 907 332 969 ὦ
345 910 371 969 ἄ.
385 911 438 991 Ἀ.;
455 914 493 972 cf.
505 934 549 990 pr.
565 918 602 971 29
619 911 730 990 Πρῶτον
747 910 797 985 μὲν
814 909 891 970 οὐδέν
904 910 960 970 ἐστι
972 913 1075 990 καινόν,
1092 907 1114 969 ὦ
1128 911 1153 970 οῖ.
1168 911 1207 971 Ἀ.
1225 947 1257 954 -
1275 935 1319 990 pr.
1336 918 1374 971 14

181 1013 341 1091 Βουλοίμην
352 1014 436 1074 τοίνυν
449 1017 482 1073 ἂν
494 1016 573 1094 ὑμᾶς,
590 1010 652 1075 ed.
665 1014 724 1078 ‘A.:
741 1038 785 1093 pr.
800 1021 839 1074 33
857 1011 988 1074 Μάλιστα
1004 1015 1064 1096 μέν,
1081 1011 1144 1074 oc.
1157 1015 1209 1094 Ἀ,
1225 1013 1374 1090 βουλοίμην

183 1123 217 1179 ἂν
232 1121 315 1196 ὑμᾶςτ
332 1143 376 1200 pr.
394 1127 433 1182 45
451 1121 606 1196 Βουλυίμην
623 1121 664 1200 οῖν,
681 1117 704 1180 ὧ
721 1123 747 1182 ό.
765 1121 804 1181 Ἀ.
822 1144 926 1184 verum
942 1124 1034 1182 etiam
1048 1125 1080 1182 in
1096 1125 1202 1182 mediis
1217 1123 1375 1202 prooemiis

182 1229 220 1286 ab
235 1228 282 1285 his
297 1228 369 1303 ipsis
383 1228 483 1287 verbis
498 1233 568 1288 vota
582 1228 704 1286 initium
725 1248 830 1304 capere
841 1229 991 1288 videmus:
1008 1249 1052 1304 pr.
1071 1231 1099 1300 5,
1117 1249 1129 1286 n
1142 1224 1291 1301 βουλοίμην
1308 1224 1332 1284 δ’
1342 1225 1374 1284 ἂν
1412 1254 1416 1263 ·

183 1329 264 1409 ὑμᾶς,
284 1351 328 1408 pr.
346 1336 396 1403 46,
413 1351 426 1390 5
447 1328 597 1405 βουλοίμην
618 1328 684 1388 δ’όίν
704 1330 784 1408 ὑμᾶς,
806 1325 828 1389 ὦ
850 1329 876 1389 οῖ’.
899 1329 938 1390 Ἀ.
960 1351 1070 1392 novum
1089 1337 1188 1390 autem
1204 1334 1296 1390 altero
1311 1333 1374 1390 loco

183 1436 366 1511 prooemium
386 1436 490 1494 statuit
505 1437 588 1494 Wolf
605 1436 748 1513 particula
769 1433 793 1492 δ’
808 1436 923 1508 omissa,
944 1436 987 1494 ita
1006 1442 1040 1495 ut
1058 1442 1161 1496 votum
1181 1437 1266 1508 illud,
1287 1455 1374 1513 quem

183 1541 218 1597 ad
234 1541 354 1598 modum
369 1541 421 1598 illa
436 1541 641 1618 supraposita,
658 1546 742 1599 extet
757 1541 789 1598 in
804 1542 953 1618 prooemio
968 1542 1094 1600 ineunti.
1106 1541 1247 1600 Wolfium
1258 1546 1375 1600 secutus

183 1649 227 1702 est
237 1645 319 1702 Blass
334 1650 415 1704 reete
430 1651 464 1704 ut
474 1647 604 1706 videtur.
618 1678 660 1688 -
671 1665 715 1722 pr.
734 1650 771 1704 16
789 1642 965 1720 Ἐβουλόμην
981 1646 1013 1702 ἂν
1029 1644 1109 1720 ὑμᾶς,
1125 1638 1186 1702 od.
1201 1643 1261 1704 Ἀ.;
1274 1665 1319 1722 pr.
1334 1649 1373 1703 32

184 1743 359 1821 Ἠβουλόμην
382 1747 424 1828 ἄν,
445 1743 468 1806 ὦ
491 1748 516 1808 ἄ.
538 1747 578 1807 Ἀ.
600 1750 706 1808 mediis
725 1751 758 1808 in
777 1751 947 1826 prooemiis:
970 1771 1014 1827 pr.
1037 1755 1087 1822 39,
1108 1746 1193 1826 υέγὼ
1214 1745 1238 1805 δ’
1247 1746 1375 1823 οὒδαμῶς

185 1850 233 1925 μὲν
249 1853 282 1910 ἂν
297 1849 468 1932 ἠβουλόμην,
484 1874 527 1930 pr.
546 1858 596 1925 23,
613 1873 625 1912 s
642 1851 765 1930 ἐγὼμὲν
782 1848 826 1910 οὖν
843 1851 999 1927 ἐβουλόμην
1016 1852 1057 1912 ἄν.
1074 1854 1165 1912 etiam
1180 1855 1237 1912 hoo
1248 1855 1311 1912 loeo
1322 1873 1374 1911 no-

184 1977 253 2017 vum
267 1959 424 2016 exordium
439 1959 571 2036 incipere
586 1965 672 2036 putet
683 1960 765 2017 Blass
776 1957 798 2016 Σ
810 1959 904 2018 codici
920 1962 1084 2030 obsecutus,
1101 1960 1132 2016 in
1145 1979 1202 2036 quo
1214 1979 1308 2019 novus
1320 1979 1374 2016 nu-

184 2082 279 2120 merus
288 2058 359 2120 KZ'
372 2063 536 2140 adscriptus
548 2068 600 2122 est.
610 2096 654 2104 -
665 2083 708 2140 pr.
721 2068 760 2120 22
775 2056 862 2136 Οἶμαι
872 2063 976 2131 πάντας
988 2064 1020 2121 ἂν
1032 2060 1112 2140 ὑμᾶς,
1125 2057 1148 2120 ὦ
1161 2060 1188 2121 οῖ.
1202 2059 1254 2140 Ἀ,
1267 2060 1374 2136 όμολο-

184 2167 264 2240 γησαι
275 2165 329 2228 ὅτις
342 2187 386 2243 pr.
397 2171 436 2226 47
450 2159 537 2240 Οἶμαι
549 2166 653 2236 πάντας
665 2167 697 2224 ἂν
709 2164 789 2240 ὑμᾶς,
802 2162 824 2224 ὦ
837 2164 864 2226 d.
875 2165 930 2245 Ἀ,
943 2171 1037 2244 ptest:
1051 2188 1094 2245 pr.
1108 2174 1145 2227 11
1158 2164 1259 2241 Οίομαι
1271 2168 1374 2237 πάντας

184 2265 261 2347 ὑμᾶς,
278 2263 299 2327 ὦ
315 2268 342 2330 σί.
357 2269 408 2346 Ἀ,
424 2271 584 2348 γιγνώσκειν
599 2270 652 2349 ὅτις
670 2272 707 2330 cf.
724 2292 767 2348 pr.
783 2276 815 2344 3:
833 2291 880 2330 ex.
895 2292 935 2330 or.
949 2274 986 2343 Ι.,
1003 2273 1055 2331 ubi
1067 2273 1098 2330 in
1110 2272 1206 2349 primo
1219 2271 1373 2330 enuntiato

183 2373 254 2432 item
268 2375 380 2450 legitur
401 2372 434 2432 ἂν
451 2420 457 2435 .
476 2422 482 2434 .
499 2368 574 2449 οἶμαι
589 2376 692 2444 πάντας
707 2373 787 2453 ὑμᾶς,
808 2378 858 2434 sed
874 2376 1033 2435 artificiose
1048 2377 1178 2454 positum
1192 2377 1225 2435 in
1240 2380 1374 2434 extrema

183 2477 244 2535 fore
263 2479 420 2538 sententio.
445 2484 576 2539 ceterum
599 2472 675 2553 οἶμαι
697 2525 703 2540 .
726 2522 733 2537 .
755 2477 826 2553 ὑμᾶς
848 2481 939 2538 habes
963 2481 1053 2539 etiam
1075 2481 1108 2538 in
1130 2480 1247 2539 ineunti
1270 2499 1373 2556 prooe-

183 2583 239 2640 mio
260 2587 299 2640 27
308 2605 314 2640 :
339 2603 386 2643 ex.
404 2602 444 2642 or.
462 2585 530 2642 XV.
547 2575 634 2657 Οἶμαι
658 2581 714 2641 δεῖν
730 2580 809 2660 ὑμᾶς,
833 2577 856 2641 ὧ
876 2581 903 2642 d.
921 2583 965 2642 Ἀ.
982 2617 1024 2625 -
1040 2605 1083 2660 pr.
1102 2589 1119 2642 2
1142 2579 1214 2659 Οὺχί
1228 2581 1311 2640 ταῦτὰ
1326 2602 1372 2659 γι-

182 2685 320 2766 γνώσκειν,
337 2680 399 2746 ὧόί.
414 2685 469 2766 Ἀ,
481 2683 642 2765 παρίσταταί
655 2707 715 2762 μοιε
731 2708 775 2765 pr.
791 2693 807 2746 9
826 2684 897 2764 Οῖιχὶ
908 2685 992 2746 ταῦτὰ
1002 2689 1164 2766 γιγνώσκων
1181 2686 1370 2762 ..ἀνέστηκα

282 2793 393 2850 Verum
408 2813 446 2850 ne
463 2793 535 2851 hooc
548 2793 668 2871 quidem
680 2794 863 2868 neglegenda
874 2793 957 2866 duxi,
975 2794 1162 2871 quaestiones
1174 2794 1302 2852 minutas
1313 2812 1372 2850 non

180 2895 342 2970 refugiens:
359 2915 403 2972 pr.
418 2900 458 2954 30
472 2891 552 2953 Ἔδει
564 2895 624 2974 μέν,
641 2891 704 2955 dd.
718 2895 770 2954 'Aa
786 2918 829 2973 pr.
845 2901 884 2954 35
896 2892 974 2954 Ἔδει
990 2897 1050 2975 μέν,
1067 2890 1129 2957 dodi.
1143 2896 1190 2974 Ἀ,
1208 2893 1254 2955 καὶ
1269 2892 1373 2955 δίκαιον

180 2991 225 3075 ἦν,
240 2999 278 3057 ef.
295 3018 339 3075 pr.
358 3002 397 3057 52
414 2993 469 3056 Ἦν
485 2997 536 3073 μὲν
551 2993 596 3056 οὖν
613 2998 727 3080 δίκαιον,
743 2994 765 3058 ὦ
782 2998 808 3057 οῖ.
827 2999 882 3077 Ἀ,
903 3020 970 3059 eum
990 3001 1078 3060 huius
1098 3002 1155 3060 loei
1175 3004 1268 3060 altera
1287 3007 1371 3078 parte

181 3091 282 3160 δίκαιον
298 3096 340 3176 ἦν.
358 3109 489 3163 ceterum
504 3105 575 3164 alibi
592 3125 708 3184 quoque
724 3106 756 3162 in
772 3105 835 3182 ipso
848 3105 992 3182 prooemii
1004 3106 1093 3164 initio
1104 3107 1184 3164 idem
1197 3109 1371 3167 vocabulum

181 3201 283 3276 δίκαιος
299 3227 486 3282 magnacum
500 3209 532 3269 vi
548 3209 677 3285 positum
692 3214 745 3281 est,
762 3209 858 3269 veluti
873 3229 917 3285 pr.
936 3213 974 3267 31
993 3205 1049 3266 Καὶ
1065 3207 1207 3288 βραχεῖαν,
1228 3204 1250 3267 ὦ
1267 3209 1293 3268 ἄ.
1314 3209 1370 3289 Ἀ,

179 3306 343 3368 acidissimo
354 3312 501 3386 ποιήσομαι
513 3309 562 3386 τὴν
574 3311 662 3392 ἀρχὴν
673 3315 718 3372 τοῦ
730 3311 826 3390 λόγου,
839 3315 916 3392 quod
929 3314 1051 3373 initium
1062 3320 1130 3391 apte
1144 3334 1293 3392 compares
1305 3334 1371 3374 cum

180 3415 300 3474 exordio
316 3417 507 3476 Leocrateae:
524 3414 649 3495 Δικαίαν,
665 3411 687 3474 ὦ
704 3417 729 3477 όί.
748 3416 803 3496 Ἀ,
819 3413 865 3474 καὶ
881 3416 979 3491 εὐσεβῆ
996 3413 1043 3475 καὶ
1062 3416 1128 3496 ὑπὲρ
1147 3417 1226 3492 ἡμῶν
1242 3414 1289 3476 καὶ
1304 3415 1370 3495 ὑπὲρ

179 3641 259 3696 σομαι
280 3622 312 3682 δὲ
331 3623 409 3702 κάγὼ
429 3625 477 3699 τἠν
496 3624 662 3705 κατηγορίαν
679 3625 795 3704 δικαίαν,
817 3629 894 3706 quod
915 3628 1070 3689 adnotavit
1085 3629 1144 3686 iam
1160 3629 1317 3686 Rehdantz
1332 3629 1368 3686 ed

178 3729 207 3786 h.
223 3729 242 3786 l.
260 3729 392 3788 conferas
413 3731 504 3788 etiam
519 3732 607 3789 haec:
629 3751 673 3807 pr.
692 3734 731 3790 54
748 3727 804 3788 Καὶ
821 3729 932 3809 δίκαιον,
948 3725 971 3789 ὦ
987 3725 1015 3790 o'i.
1034 3730 1089 3809 Ἀ,
1106 3723 1153 3789 καί
1167 3730 1269 3790 καλόνι
1287 3753 1330 3808 pr.
1349 3737 1369 3792 4

177 3827 250 3890 Ἔστι
264 3831 299 3911 δ’,
312 3828 334 3890 ὦ
346 3833 373 3892 οῖ.
388 3833 443 3914 Ἀ,
457 3831 574 3894 δίκαιονι
591 3857 635 3913 pr.
650 3841 690 3894 20
702 3831 759 3893 Καὶ
772 3833 884 3916 δίκαιον,
898 3830 920 3893 ὦ
933 3835 958 3893 όί.
973 3835 1024 3913 Ἀ,
1037 3833 1083 3894 καὶ
1095 3835 1238 3915 συμφέρον.
1255 3839 1290 3895 ab
1303 3833 1369 3906 ἴσοις

178 3957 247 3996 voco
260 3939 397 3998 oriuntur
408 3941 558 4017 prooemia
576 3946 623 4012 13,
644 3946 692 4012 11,
711 3946 761 4013 48,
778 3944 814 4000 ab
827 3942 981 4000 enuntiato
994 3942 1187 4000 condicionali
1204 3947 1230 4013 1,
1251 3946 1298 4013 10,
1318 3946 1368 4012 21,

180 4045 227 4114 24,
246 4046 299 4114 25;
317 4045 444 4122 denique
461 4047 563 4104 eadem
579 4047 655 4104 ratio
670 4046 812 4123 loquendi
828 4047 859 4103 in
872 4046 959 4104 initio
971 4048 1078 4104 horum
1090 4047 1307 4123 prooemiorum
1319 4048 1369 4105 de-

178 4148 384 4222 prehenditur:
402 4169 445 4225 pr.
463 4154 501 4208 18
517 4147 630 4207 Δοκεῖτέ
646 4168 692 4222 μοι
708 4147 819 4218 δικαίως
836 4148 877 4227 όίν,
894 4145 917 4207 ὦ
933 4147 960 4207 οῖ’.
975 4148 1032 4209 ’A.:
1050 4170 1093 4226 pr,
1108 4154 1147 4208 23
1165 4147 1206 4206 Οό
1222 4147 1321 4228 μικρὰν
1338 4148 1370 4206 οίν

179 4268 221 4321 μοι
237 4247 348 4329 δοκεῖτ’,
364 4246 386 4310 ὦ
401 4251 428 4311 ἄ.
446 4252 504 4312 Ἀ.;
521 4275 565 4331 pr.
584 4259 624 4313 40
640 4250 682 4310 Οό
698 4273 743 4328 μοι
760 4251 870 4332 δοκεῖτ’,
887 4249 909 4311 ὧ
926 4253 951 4313 όί.
969 4250 1048 4336 ³1²)

280 4525 300 4591 ¹)
319 4525 360 4576 cf.
379 4528 459 4578 etiam
473 4543 511 4592 pr.
525 4530 559 4577 43
572 4525 658 4585 Οὐδεὶς
677 4525 769 4578 πώποτ’
780 4524 841 4586 ’ίσως
860 4525 942 4594 {optim
962 4543 1000 4592 pr.
1015 4530 1046 4576 31
1061 4524 1138 4576 Οὐδέν
1151 4525 1222 4590 ἐστιν,
1241 4520 1262 4576 ὦ
1281 4521 1303 4576 όί.
1322 4525 1367 4578 ’λα

177 4627 212 4676 pr.
226 4613 261 4661 42
281 4609 360 4663 Oeta
379 4611 453 4677 ἐστιν,
472 4606 493 4662 ὦ
512 4609 534 4664 όί.
554 4613 591 4665 Ἀ.

279 4698 299 4767 ²)
317 4700 393 4750 Addo
416 4717 540 4767 magnam
565 4716 623 4751 esse
645 4703 722 4752 initio
741 4718 779 4767 pr.
792 4701 848 4752 LV.
867 4701 1069 4751 similitudinem
1094 4716 1154 4750 cum
1173 4700 1233 4750 loeo
1252 4699 1365 4750 Andoci-

178 4785 225 4834 deo
243 4786 292 4849 111,
305 4787 347 4835 37.
1086 4793 1088 4800 ’
