3530 5536
752 513 964 566 ..97-

260 696 444 775 πανουργίαις,
466 718 507 756 or.
525 703 576 769 29,
598 695 688 767 51τόις
703 697 803 774 τέχνας
820 697 899 756 αυτοῦ
914 693 1024 766 καὶτὰς
1039 695 1215 776 πανουργίας,
1237 719 1278 756 or.
1297 703 1347 768 24,
1368 717 1394 756 91
1409 696 1458 767 τὰς

262 806 314 859 τῶν
329 797 392 880 παρ’
402 801 467 874 ήμῖν
482 798 607 879 πονηρῶν
623 798 758 871 διαδύσεις
773 798 819 859 καὶ
834 794 1011 880 κακουργίας,
1028 822 1070 861 or.
1088 807 1139 874 30,
1156 803 1309 862 ιτοσαῦται
1324 820 1458 881 πραγμα-

263 906 332 964 τεῖαι
346 902 394 964 καὶ
408 905 500 983 λόγοι.

365 1011 483 1070 Tertiae
505 1031 646 1087 personae
670 1032 830 1088 pronomen
854 1011 1034 1071 reflexinum
1055 1013 1133 1089 quod
1153 1012 1258 1069 dieunt
1277 1011 1459 1088 pronominis

260 1115 403 1192 reciproci
419 1115 486 1176 vice
501 1116 638 1190 fungitur
657 1136 702 1192 pr.
721 1121 749 1187 6,
767 1130 796 1174 1:
819 1114 921 1172 ἑαυτῶν
936 1117 1117 1194 κατηγοροῦσι
1132 1110 1179 1172 καὶ
1193 1113 1380 1192 λοιδοροῦνται
1401 1110 1456 1196 (sc.

261 1216 285 1276 οῖ
300 1213 457 1300 λέγοντες),
479 1220 622 1298 quianon
639 1218 751 1298 ἑαυτῶν,
772 1221 821 1278 sed
844 1217 981 1293 ἀλλήλων
996 1221 1191 1297 κατηγοροῦσιν
1207 1216 1232 1277 ei
1246 1218 1389 1297 λέγοντες,
1410 1221 1456 1278 uti

260 1330 340 1383 recte
359 1325 391 1383 in
411 1345 456 1402 pr.
474 1329 502 1396 8,
524 1326 602 1403 quod
618 1325 805 1384 exoratione
821 1327 906 1384 XVI.
924 1311 1105 1402 descriptum
1121 1325 1260 1397 vidimus,
1281 1322 1297 1401 β
1315 1330 1330 1383 1
1348 1325 1459 1400 legitur

260 1429 439 1506 κατηγοροῦσι
454 1423 502 1486 καὶ
518 1425 717 1500 διαβάλλουσιν
734 1427 888 1502 ἀλλήλους.
921 1431 993 1508 quid
1016 1430 1056 1488 sit
1076 1428 1178 1486 ἑαυτῶν
1194 1431 1385 1508 κατηγοροῦσι,
1406 1430 1458 1488 ad-

260 1540 344 1610 paret
355 1554 394 1592 ex
406 1554 448 1592 or.
464 1538 492 1605 3,
510 1553 534 1592 ιι
547 1529 637 1604 οὐδεὶς
649 1533 744 1592 ἑαυτοῦ
756 1536 915 1611 κατηγορεῖ.
939 1535 1019 1593 idem
1031 1533 1142 1594 vitium
1153 1534 1308 1595 invenitur
1319 1555 1363 1611 pr.
1378 1538 1428 1606 31,
1446 1554 1457 1591 1

260 1637 291 1695 τό
305 1635 359 1716 γὰρ
375 1637 525 1706 στασιάζειν
541 1637 609 1715 πρδς
624 1635 719 1707 αὑτοὺς
734 1634 781 1695 καὶ
796 1638 960 1716 κατηγορεῖν
976 1635 1123 1713 ἀλλήλων,
1139 1639 1191 1696 ubi
1206 1642 1257 1696 aut
1272 1637 1302 1697 τδ
1317 1635 1371 1714 γὰρ
1387 1657 1454 1695 στα-

262 1741 360 1810 σιάζειν
380 1741 447 1821 πρός
468 1737 613 1816 ἀλλήλους
633 1737 680 1800 καὶ
700 1744 864 1820 κατηγορεῖν
884 1747 936 1801 aut
951 1740 981 1799 τό
997 1741 1050 1820 γὰρ
1066 1742 1217 1810 στασιάζειν
1232 1738 1279 1800 καὶ
1294 1743 1457 1822 κατηγορεῖν

261 1842 397 1920 ἀλλήλων
419 1847 578 1905 dicendum
599 1853 663 1905 erat
684 1853 714 1905 et
732 1848 806 1906 ibid.
822 1845 870 1921 τήν
891 1846 959 1926 πρός
979 1843 1074 1917 αὑτοὺς
1089 1843 1256 1923 ριλονεικίαν
1273 1842 1317 1905 ἐπὶ
1332 1844 1393 1917 τοὺς
1407 1851 1457 1921 τής

261 1948 370 2019 πόλεως
387 1947 503 2026 ἐχθροῖς
518 1951 679 2028 τρέψαντες,
695 1953 747 2011 ubi
763 1953 837 2010 item
852 1957 992 2028 expectes
1008 1950 1076 2027 πρός
1092 1948 1246 2024 ἀλλήλους.

365 2057 561 2114 Masouliuum
582 2056 724 2117 adiectivi
740 2057 868 2115 nominis
884 2077 985 2132 genus,
1007 2076 1073 2114 cum
1093 2057 1273 2115 femininum
1287 2057 1458 2135 requiratur

262 2179 278 2215 e
300 2159 512 2217 Demosthenis
534 2160 660 2232 ratione,
684 2161 807 2237 ponitur
829 2182 874 2238 pr.
892 2166 942 2233 39,
966 2181 987 2233 a,
1011 2161 1063 2219 uhi
1086 2161 1157 2219 libri
1180 2163 1216 2218 ad
1240 2181 1333 2219 unum
1356 2181 1456 2218 omnes

260 2265 381 2322 tradunt
393 2261 521 2337 βεβαίους
531 2264 603 2322 ποιεῖ
613 2262 663 2335 τὰς
673 2265 771 2343 ήτταςς
789 2267 1005 2324 Demosthenes
1017 2271 1116 2324 autem
1128 2287 1167 2323 ex
1179 2265 1392 2324 consuetudine
1404 2285 1456 2323 sua

261 2367 387 2426 dixisset
403 2363 527 2439 βεβαίας.
559 2389 617 2447 qua
632 2371 669 2427 de
684 2389 771 2427 causa
786 2371 919 2441 Voemel,
936 2371 1129 2445 gravissimus
1144 2375 1254 2440 auctor,
1276 2390 1345 2428 eum
1359 2372 1455 2428 locum

261 2473 469 2530 Demosthenis
485 2492 548 2530 esse
563 2478 652 2547 negat
667 2469 766 2554 (Oont.
783 2475 869 2532 Dem.
887 2496 916 2551 p.
935 2480 1006 2547 321,
1023 2472 1039 2551 β
1058 2478 1084 2546 7,
1102 2467 1245 2554 not.12).
1268 2474 1341 2532 locis
1356 2478 1456 2532 autem

262 2578 297 2635 ab
313 2596 348 2634 eo
369 2577 526 2654 propositis
542 2577 617 2634 adde
637 2597 679 2636 or.
699 2583 747 2648 16,
770 2597 795 2636 10
814 2575 862 2651 τήν
880 2573 989 2654 εἰρήνην
1004 2573 1164 2646 σπουδάζειν
1185 2572 1239 2659 (se.
1256 2572 1366 2659 δόξετε)
1389 2569 1456 2635 εἶναι

263 2675 377 2752 βεβαίαν
400 2681 558 2751 stlocum,
583 2700 670 2758 quem
692 2682 827 2757 protulit,
852 2682 938 2758 epist.
963 2683 1014 2739 111
1038 2686 1055 2739 6
1080 2682 1194 2757 corrige
1217 2681 1250 2739 in
1272 2674 1330 2763 [ep.
1357 2674 1397 2764 3],
1421 2701 1456 2740 ao.

263 2789 401 2842 nentrum
423 2784 531 2842 deinde
554 2805 645 2859 genus
669 2785 812 2846 adiectivi
835 2785 965 2843 nominis
992 2791 1111 2862 praeter
1133 2787 1377 2844 consuetudinem
1405 2806 1457 2861 pro

262 2889 403 2948 adverbio
426 2889 546 2966 ponitur
568 2909 611 2965 pr.
635 2894 684 2961 24,
709 2910 721 2948 s
743 2887 829 2967 παρόν
852 2888 936 2959 σίτοις
957 2887 1071 2967 Ιἐναργὲς
1094 2885 1171 2967 ἰδεῖν,
1195 2891 1246 2949 uhi
1268 2889 1392 2968 ἐναργῶς
1411 2890 1457 2948 uti

263 3011 304 3050 or.
320 2997 369 3063 21,
387 3011 425 3051 115
441 2993 550 3050 iustum
564 2999 617 3064 est,
635 2999 665 3051 et
680 3014 724 3071 pr.
738 2999 788 3065 47,
806 3013 818 3052 3
832 2990 905 3051 τοῦθ’
915 2992 1000 3063 σίτοις
1012 2989 1120 3072 ἰσχυρόν
1133 3015 1172 3053 so.
1184 2995 1389 3072 πεπεισμένους,
1405 2994 1456 3052 uhi

263 3091 379 3173 ἰσχυρῶς
393 3097 554 3172 flagitatur,
572 3099 650 3175 quod
666 3099 757 3156 hahes
774 3117 816 3156 or.
835 3103 885 3168 24,
903 3117 950 3156 ινα.

366 3201 473 3259 Rarior
488 3203 661 3278 superlativi
683 3204 790 3277 gradus
811 3203 862 3281 qui
884 3204 996 3262 dicitur
1014 3204 1110 3262 forma
1130 3204 1291 3281 μικρότατον
1311 3223 1364 3280 pro
1385 3200 1456 3259 ἐλά-

262 3323 355 3380 χιστον
371 3306 416 3365 his
432 3307 593 3379 invenitur,
610 3328 654 3384 pr.
669 3311 719 3379 36,
736 3327 749 3366 2
763 3306 809 3364 τὀν
827 3351 855 3365 ..
871 3309 917 3365 τοῦ
933 3305 1120 3384 ρενακίζεσθαι
1134 3307 1232 3385 χρόνον
1248 3307 1286 3376 ῶς
1302 3302 1342 3376 εἰς
1358 3307 1456 3384 μικρό-

262 3428 342 3468 τατον
359 3411 520 3488 συνάγοντες
540 3416 570 3470 et
587 3416 637 3483 48,
653 3409 819 3470 αάλλόῐιδὲ
835 3411 865 3469 τό
882 3411 1053 3490 μικρότατον.
1084 3413 1115 3469 in
1131 3412 1342 3470 Demosthenis
1357 3416 1458 3471 autem

264 3515 445 3575 orationibus
461 3518 551 3574 semol
567 3521 683 3584 tantum
694 3537 730 3574 ea
744 3517 840 3575 forma
856 3517 887 3574 in
903 3519 1042 3592 genetivo
1057 3517 1174 3592 generis
1186 3536 1273 3575 masc.
1287 3517 1458 3575 admittitur

265 3639 307 3679 or.
329 3625 379 3692 21,
404 3639 442 3679 ms
466 3618 611 3689 ἐλάττονος
633 3615 707 3691 ἄξιος
729 3619 803 3678 ἔσται
823 3622 869 3678 τοῦ
889 3622 1050 3699 μικροτάτου
1069 3619 1134 3697 παρ’
1146 3618 1220 3698 ὑμῖν;
1244 3621 1350 3679 ceteris
1373 3621 1455 3692 loeis,

265 3745 389 3802 quorum
405 3727 477 3784 duos
492 3727 542 3784 hic
557 3746 665 3803 ponam
680 3727 900 3803 prooemiorum
916 3727 1082 3786 simillimos
1097 3745 1140 3784 or.
1160 3731 1208 3797 18,
1225 3745 1264 3784 ass
1278 3724 1352 3783 ταῦθ’
1363 3724 1401 3795 ὡς
1417 3721 1457 3795 εἰς

266 3826 399 3906 ἐλάχιστα
411 3831 548 3889 συστεῖλαι
560 3837 591 3889 et
603 3835 653 3903 45,
670 3851 695 3890 oc
708 3827 771 3888 οὐδὲ
782 3829 832 3903 τὴν
845 3827 994 3906 ἐλαχίστην
1012 3827 1066 3911 (sc.
1078 3826 1250 3908 λειτουργίαν
1262 3825 1454 3910 λειτουργῶν),

264 3934 342 3992 iusta
357 3937 453 3994 forma
467 3937 586 4012 legitur.
610 3936 805 4013 comparativi
822 3942 921 3994 autem
937 3937 1046 4011 gradus
1059 3936 1155 3994 forma
1171 3933 1348 4013 ἐχθροτέρους
1359 3936 1457 3993 minus

265 4041 376 4112 Attica,
393 4061 468 4119 quae
483 4060 527 4117 pr.
542 4046 592 4112 40,
609 4041 755 4116 siegitur,
773 4041 901 4099 conferri
918 4045 1015 4116 potest
1029 4060 1096 4098 cum
1107 4039 1317 4098 Demosthenis
1330 4059 1371 4098 or.
1386 4044 1414 4111 5,
1432 4058 1457 4098 18

266 4141 611 4223 ἑχθροτέρωςσχήσουσιν,
640 4147 678 4204 cf.
703 4147 794 4204 etiam
817 4165 860 4204 or.
886 4149 935 4216 23,
964 4164 1002 4202 119
1026 4141 1177 4221 ἑχθρότατα
1199 4143 1259 4217 ὑμῖν
1283 4141 1456 4217 διακείμενον

266 4246 382 4330 (contra
397 4270 440 4308 or.
458 4254 508 4322 27,
525 4269 550 4310 ιο
565 4251 655 4308 habes
671 4249 761 4328 ὥσπερ
778 4246 898 4324 ἔχθιστοί
912 4242 1007 4330 τινες).

368 4354 506 4433 Denique
529 4354 677 4414 adiectivo
701 4353 810 4427 ἕτοιμος
834 4358 936 4412 contra
956 4352 1122 4410 Atticorum
1145 4371 1257 4410 morem
1277 4354 1381 4429 copula
1401 4347 1457 4425 εἰμὶ

266 4459 438 4533 adiungitur
457 4479 501 4535 pr.
521 4464 569 4530 19,
590 4477 611 4530 s,
633 4458 684 4516 ubi
701 4477 801 4516 omnes
822 4458 891 4516 libri
911 4459 1023 4516 habent
1042 4454 1149 4529 ἕτοιμός
1165 4451 1220 4528 εἰμι
1239 4451 1344 4532 λέγειν.
1375 4461 1456 4514 recte

267 4563 405 4622 omissum
418 4567 462 4621 est
475 4559 530 4636 εἰμὶ
542 4583 584 4621 or.
598 4569 626 4633 9,
643 4583 656 4620 1
672 4561 779 4635 ἕτοιμος
793 4561 900 4639 λέγειν,
916 4562 967 4620 ubi
979 4564 1055 4620 male
1067 4560 1227 4619 Lambinus
1239 4563 1375 4637 voculam
1390 4565 1456 4636 post

267 4666 374 4741 ἕτοιμος
385 4669 455 4726 addi
466 4669 571 4740 voluit,
589 4672 619 4726 et
630 4687 672 4727 or.
686 4671 715 4739 4,
728 4686 753 4726 as
766 4663 823 4742 ἐγὼ
836 4711 842 4724 .
857 4665 993 4742 ,πάσχειν
1005 4664 1091 4724 ότιοῦν
1104 4665 1225 4743 ἕτοιμος;
1242 4685 1311 4722 nam
1322 4667 1456 4742 copulam

266 4777 332 4849 post
347 4771 456 4845 ἕτοιμος
470 4773 569 4831 omitti
585 4774 679 4830 solere
694 4773 772 4849 apud
792 4792 892 4833 omnes
907 4775 1031 4829 constat.
1062 4771 1093 4828 in
1113 4769 1255 4847 prooemii
1273 4775 1372 4828 autem
1392 4772 1455 4828 icco

319 4880 456 4930 Swoboda,
472 4881 503 4921 De
517 4879 627 4921 Demosth.
636 4891 729 4931 prooem.
1102 4869 1106 4882 ⁸
1286 4872 1300 4922 7
