3530 5536
839 521 1052 577 -20-

353 707 385 766 ἐκ
401 707 432 766 δὲ
447 707 539 767 τούτου
559 704 698 783 συμβαίνει
717 711 831 787 πρᾶγμα
854 706 939 782 ἀηδὲς
960 708 1035 784 ύμῖν
1057 701 1097 780 οἷς
1112 710 1165 790 γὰρ
1181 708 1241 790 πρὶν
1257 711 1385 788 ἁμαρτεῖν
1401 709 1461 784 ὑμῖν
1478 706 1542 786 ἐξῆν

350 811 560 887 συμβουλεύουσι
576 811 723 884 πείθεσθαι,
738 814 845 883 τούτους
861 813 970 891 ύστερον
987 819 1207 895 κατηγοροῦντας
1222 815 1366 874 ἐπαινεῖτε.

455 919 527 976 Onm
539 919 636 996 priore
649 924 732 995 parte
744 938 900 996 componas
911 938 955 996 pr.
971 923 1020 990 34,
1034 940 1045 977 1
1059 918 1118 977 Οὺκ
1131 919 1235 995 ἀίδηλον
1247 915 1291 997 ήν,
1303 915 1326 978 ὦ
1339 918 1368 979 a.
1377 919 1425 994 Ἀ,
1437 913 1542 999 πρῴην,

349 1023 394 1081 ότε
409 1026 462 1081 τῶν
478 1020 629 1098 ἀντιλέγειν
646 1019 821 1096 βουλομένων
838 1012 878 1090 οἷς
894 1021 908 1080 ό
925 1020 1001 1080 δεῖνα
1017 1021 1117 1100 έλεγεν
1133 1024 1181 1082 ούκ
1196 1017 1284 1103 ᾤεσθε
1304 1023 1410 1082 ἀκούειν
1430 1028 1541 1103 χρῆναι,

349 1128 388 1186 ότι
408 1124 575 1201 συμβήσεται
593 1124 664 1184 τοῦθ’
677 1125 691 1182 ό
706 1122 761 1183 νυνὶ
775 1124 908 1205 γίγνεται,
930 1125 969 1184 ότι
985 1123 1010 1185 οί
1025 1127 1084 1184 τότε
1100 1126 1273 1199 κωλυθέντες
1288 1126 1375 1206 ἐροῖεν
1391 1125 1430 1198 εἰς
1446 1127 1541 1207 ἑτέραν

349 1230 508 1306 ἐκκλησίαν,
534 1231 565 1287 ἀν
581 1227 666 1287 τοίνυν
682 1229 756 1288 ταῦθ’
769 1229 838 1308 ἅπερ
854 1229 984 1309 πρότερον
999 1233 1131 1306 ποιήσητε
1150 1229 1197 1290 καί
1216 1237 1269 1290 τῶν
1288 1234 1346 1302 τοῖς
1365 1233 1426 1291 τότε
1446 1227 1540 1303 δόξασι

348 1336 478 1394 συνειπεῖν
495 1333 671 1408 βουλομένων
688 1333 725 1408 μὴ
742 1334 1004 1409 θελήσητ’ἀκούσαι,
1020 1335 1103 1394 ποίλιν
1118 1336 1190 1395 ταύτ’
1202 1333 1242 1407 είς
1256 1336 1304 1410 τήν
1320 1336 1416 1416 ἑτέραν
1431 1335 1540 1410 ἐκκλη-

347 1439 407 1498 σίαν
424 1431 495 1497 ούτοι
510 1436 645 1511 λαβόντες
659 1438 758 1497 τούτων
770 1440 1011 1517 κατηγορήσουσιν.
1033 1442 1205 1517 posterioris
1217 1447 1316 1500 autem
1327 1442 1419 1519 partis
1431 1441 1540 1500 similia

346 1549 436 1604 habes
452 1564 495 1621 pr.
506 1549 578 1616 26,1
594 1539 706 1621 αἰσχρόν
719 1540 799 1620 ἐστιν,
816 1538 839 1600 ὦ
852 1541 879 1602 ἀ.
890 1542 940 1620 Ἀ,
957 1547 1001 1602 νῡν
1014 1542 1065 1618 μὲν
1077 1540 1254 1618 βουλομένων
1266 1564 1291 1602 τι
1305 1546 1444 1624 παραινεῖν
1461 1543 1538 1602 ἐνίων

345 1646 478 1728 θορυβεῖν,
501 1646 610 1726 θστερον
631 1645 662 1705 δὲ
684 1647 907 1725 κατηγορούντων
926 1651 979 1705 τῶν
1001 1648 1088 1707 αὐτῶν
1107 1647 1206 1707 τούτων
1227 1653 1281 1707 τῶν
1292 1648 1313 1728 ¹)
1336 1649 1539 1729 πεπραγμένων

343 1752 435 1827 ήδέως
457 1731 574 1812 ἀιίούειν.
606 1759 737 1812 ceterum
757 1755 794 1811 ad
817 1755 892 1812 hanc
914 1773 979 1812 rem
1006 1754 1096 1812 etiam
1121 1755 1235 1813 faciunt
1263 1775 1307 1831 pr.
1327 1760 1405 1825 10,s
1428 1754 1460 1810 ἀν
1487 1751 1538 1827 μὲν

345 1857 383 1931 μὴ
407 1856 543 1930 θελήσητε
564 1860 617 1914 τῶν
637 1855 833 1934 ἀντιλεγόντων
854 1855 976 1934 ἀκούσαι,
1001 1852 1185 1931 ἐξηπατῆσθαι
1208 1857 1434 1938 alterationis,
1459 1859 1491 1915 ἀν
1512 1855 1537 1915 δ’

344 1961 507 2030 ἀκούσαντες
530 1961 568 2035 μὴ
591 1961 729 2041 πεισθῆτε,
754 1956 974 2039 ἐξεληλεγμένοι
996 1961 1157 2041 παραχρῆμ’
1175 1961 1280 2021 ἔσονται
1302 1961 1335 2021 τά
1357 1961 1443 2042 χείρω
1463 1981 1536 2040 παρ-

344 2085 489 2138 αινουντες.

446 2175 552 2250 Itaqna
571 2172 733 2230 curandum
748 2176 802 2242 est,
819 2176 852 2229 ut
868 2170 989 2249 quaevis
1002 2173 1103 2248 culpae
1119 2171 1246 2248 suspicio
1261 2172 1338 2231 absit
1352 2191 1370 2230 a
1383 2174 1490 2248 populo
1506 2178 1536 2231 et

343 2278 393 2356 qui
411 2278 439 2336 ei
454 2278 631 2354 persuadere
650 2295 709 2333 non
729 2279 897 2357 potuerunt,
922 2276 954 2332 id
970 2276 1027 2334 sibi
1044 2296 1104 2347 sua,
1134 2295 1191 2334 non
1207 2277 1334 2348 illorum,
1361 2277 1413 2355 qui
1433 2277 1535 2335 audire

342 2383 500 2452 noluerint,
525 2382 611 2457 culpa
632 2380 773 2439 accidisse
792 2399 964 2455 persuasum
984 2382 1126 2438 habeant:
1150 2401 1193 2457 pr.
1212 2384 1240 2451 5,
1258 2400 1270 2438 2
1293 2377 1443 2454 βουλοίμην
1465 2376 1489 2436 δ’
1501 2379 1535 2438 ἀν

341 2483 422 2564 ὑμᾶς,
434 2481 458 2542 εἰ
469 2482 517 2543 καί
529 2482 601 2557 μηδὲ
613 2481 648 2541 δι’
657 2483 686 2540 ἓν
698 2487 751 2540 τῶν
764 2481 872 2562 ἀλλων,
886 2481 920 2541 δι’
930 2481 1013 2542 ἐκεῖν’
1022 2482 1162 2557 ὑπομεῖναι
1177 2482 1238 2554 τούς
1250 2481 1353 2562 λόγους
1365 2482 1534 2563 ἀμφοτέρων,

340 2588 374 2646 ἵν’
388 2587 436 2647 ἐὰν
457 2586 507 2662 μὲν
527 2587 669 2668 όρθότερον
689 2591 759 2668 φανῇ
778 2606 819 2656 τις
839 2587 933 2664 λέγων
954 2581 991 2645 ἀν
1007 2587 1084 2661 ὑμεῖς
1104 2587 1263 2667 ὡρμήκατε,
1283 2589 1424 2667 χρήσησθε
1438 2587 1533 2667 τούτῳ,

341 2692 374 2751 ἀν
391 2692 415 2751 δ’
429 2691 580 2772 ἀπολειφθῇ
595 2689 642 2751 καὶ
658 2691 697 2766 μή
714 2691 823 2766 δύνηται
839 2687 957 2770 διδάξαι,
978 2690 1012 2750 δι’
1026 2690 1104 2750 αύτδν
1121 2687 1199 2750 ἀλλά
1215 2692 1253 2766 μή
1270 2691 1304 2750 δι’
1317 2692 1388 2767 ύμάς
1403 2691 1452 2750 οὒκ
1468 2690 1533 2750 ἐθέ-

340 2795 441 2867 λοντας
456 2796 564 2856 ἀκούειν
579 2799 656 2856 τοῦτο
671 2796 834 2856 πεπονθέναι
850 2793 928 2876 δοκῇ.
950 2797 1065 2856 accedit
1081 2801 1158 2877 quod
1175 2818 1276 2856 eorum
1292 2798 1344 2876 qui
1367 2802 1468 2856 contra
1489 2799 1533 2855 di-

340 2908 410 2962 cunt
425 2904 606 2962 orationibus
622 2905 748 2961 multum
762 2901 925 2979 proficitur.
947 2922 982 2960 eo
998 2903 1086 2974 enim,
1105 2905 1182 2980 quod
1198 2906 1358 2980 antequam
1374 2903 1534 2961 detrimen-

339 3013 403 3066 tum
423 3008 557 3085 capiatur
575 3008 712 3066 refellere
732 3011 853 3084 possunt
872 3007 977 3064 falsam
997 3007 1234 3066 adversariorum
1255 3006 1423 3083 opinionem
1439 3026 1472 3065 ac
1486 3026 1533 3065 rc-

339 3112 417 3170 icere
428 3131 502 3189 quae
514 3111 574 3169 illis
585 3113 768 3188 placuerunt,
785 3111 963 3187 impediunt,
981 3131 1037 3188 quo
1049 3111 1146 3169 minus
1157 3111 1190 3169 hi
1203 3113 1285 3170 clade
1296 3115 1416 3187 accepte
1425 3130 1533 3188 poenas

339 3218 418 3275 dent.
436 3218 514 3294 quod
530 3216 555 3273 ai
570 3236 629 3274 non
644 3216 686 3288 fit,
703 3217 784 3274 idem
799 3216 942 3276 conviciis
957 3217 1029 3274 alios
1044 3236 1155 3276 vexare
1171 3222 1236 3293 post
1251 3221 1411 3293 nequeunt,
1428 3221 1532 3294 utpote

338 3322 389 3400 qui
405 3341 471 3379 cum
483 3321 705 3391 deliberaretur,
723 3322 846 3379 tacendo
862 3341 892 3378 se
908 3321 1146 3379 contionantibus
1162 3321 1305 3379 adsentiri
1318 3321 1444 3380 confessi
1457 3322 1530 3380 sint:

337 3446 380 3502 pr.
400 3431 450 3497 26,
467 3446 480 3484 κ
500 3447 542 3504 sq.
569 3423 622 3482 έοτι
644 3421 676 3482 δὲ
695 3424 751 3494 τοῖς
772 3422 892 3498 μάλιστα
911 3423 1070 3484 πεπεικόσιν
1090 3422 1161 3498 ὑμᾶς
1181 3423 1254 3482 ταῦτ’
1279 3423 1321 3502 ἐφ’
1334 3417 1371 3480 ὧν
1392 3426 1436 3482 νύν
1459 3423 1529 3502 ἐστε,

337 3529 439 3600 τούτοις
454 3525 500 3587 καί
517 3528 638 3603 μάλιστα
653 3529 787 3608 συμφέρον
803 3528 833 3586 τό
848 3526 934 3605 λόγον
949 3529 1040 3605 τυχεῖν
1056 3528 1117 3598 τούς
1133 3527 1336 3606 ἀντιλέγοντας.
1361 3530 1393 3585 ἀν
1411 3527 1462 3602 μὲν
1477 3527 1530 3606 γάρ

338 3629 443 3704 διδάξαι
465 3633 611 3708 δυνηθῶσιν
632 3634 671 3704 ὡς
690 3635 739 3692 ούκ
762 3633 832 3691 ἐ’στιν
854 3632 948 3712 ἀριστα
968 3633 1103 3702 ἀτρύτοις
1119 3632 1204 3712 δοκεῖ,
1227 3632 1265 3690 ’ἀπ’
1278 3631 1356 3691 οθδὲν
1376 3630 1531 3711 ήμοίρτηταί

336 3757 388 3816 πω,
409 3741 485 3797 τούτο
500 3734 653 3817 πράξαντες
669 3731 774 3815 ἀθῴους
788 3735 850 3809 τούς
865 3736 1000 3807 κινδύνους
1016 3738 1169 3812 ποιήσουσιν
1185 3738 1291 3804 αὺτοῖς·
1313 3735 1360 3794 ἐάν
1377 3735 1408 3795 δὲ
1425 3736 1463 3812 μή
1480 3735 1528 3794 δυ-

337 3841 464 3923 νηθῶσιν,
485 3840 580 3902 ούκουν
604 3842 713 3922 ύστερόν
736 3841 763 3919 γ’
781 3841 904 3915 ἐπιτιμᾶν
932 3837 1049 3919 ἕξουσιν,
1077 3838 1144 3898 ἀλλ’
1157 3841 1197 3899 όσ’
1210 3839 1358 3920 ἀνθρώπων
1381 3837 1414 3916 ἦν
1438 3840 1529 3920 ἔργον,

336 3945 458 4024 ἀκούσαι,
473 3947 573 4006 τούτοιν
588 3926 779 4025 τετυχηκότες,
795 3948 828 4003 ἀν
840 3946 973 4021 ἡττῶνται
985 3943 1107 4025 δικαίως,
1124 3941 1280 4024 στέρξουσι.
1295 3989 1302 4004 .
1320 3951 1451 4005 ceterum
1466 3947 1528 4004 noli

335 4052 366 4110 in
387 4053 442 4110 hac
465 4073 497 4111 re
520 4052 748 4110 similitudinem
769 4053 851 4110 illam
871 4072 960 4129 quam
980 4052 1142 4110 maximam
1162 4053 1327 4126 neglegere,
1353 4071 1428 4128 qnae
1448 4051 1528 4109 inter

334 4158 407 4216 haec
419 4163 449 4215 et
465 4177 499 4215 ea
514 4177 589 4234 quae
605 4157 636 4214 in
650 4177 692 4234 pr.
707 4158 876 4215 XXVIIII.
890 4157 977 4214 modo
989 4156 1089 4230 legisti
1101 4155 1270 4214 intercedit.
1287 4155 1416 4214 maxime
1428 4160 1527 4213 autem

334 4281 405 4319 ere
427 4261 545 4338 publica
567 4265 611 4319 est
634 4266 676 4330 ut,
700 4261 724 4318 si
748 4281 804 4338 qua
827 4280 874 4319 res
898 4262 973 4318 male
997 4264 1109 4334 agatur,
1135 4259 1236 4318 statim
1257 4264 1373 4336 praesto
1398 4260 1457 4317 sint
1473 4259 1525 4336 qni

332 4365 531 4424 intercedant:
548 4385 591 4442 pr.
611 4369 661 4439 49,
679 4385 689 4421 1
703 4360 802 4421 Ούδέν’
815 4365 846 4421 ἀν
864 4357 893 4420 εὖ
909 4361 1044 4441 φρονοῦντ’
1057 4360 1200 4439 ἀντειπεῖν,
1216 4357 1239 4420 ὦ
1255 4357 1283 4422 ἀ.
1293 4361 1344 4440 Ἀ.,
1360 4359 1472 4440 νομίζω,
1489 4361 1527 4432 ὡς

333 4467 384 4545 ούχ
400 4468 525 4527 ἁπάντων
547 4467 653 4546 ἄριστόν
675 4467 731 4525 ἐστι
745 4471 779 4547 τῇ
794 4466 875 4526 πόλει
896 4466 1015 4541 μάλιστα
1036 4465 1086 4539 μὲν
1109 4461 1139 4537 ἐξ
1160 4465 1249 4545 ἀρχῆς
1270 4464 1358 4540 μηδὲν
1374 4465 1525 4544 ἀσύμφορον

331 4573 467 4651 προίττειν,
490 4569 513 4631 εί
534 4569 565 4630 δὲ
586 4573 635 4650 μή,
660 4573 784 4650 παρεῖναι
806 4570 881 4641 εθθθς
901 4570 962 4640 τοὺς
983 4569 1239 4644 ἐναντιωσομένους.
1262 4573 1365 4629 eodem
1384 4591 1524 4630 revocan-

437 4793 456 4857 ¹)
476 4793 523 4842 τῶν
542 4793 644 4843 addidit
662 4793 739 4842 Wolf
755 4795 779 4857 †.
