3530 5536
333 1601 379 1702 In
395 1636 625 1702 Demosthenis
649 1659 732 1723 quae
755 1638 903 1702 feruntur
920 1639 1118 1700 ΠΡΟΟΙΜΙΑ
1143 1637 1196 1702 vel
1221 1641 1415 1702 ΠΡΟΟΙΜΙΑ

221 1761 429 1822 nunnioni
434 1763 487 1822 ΚΑ
496 1759 520 1845 1)
545 1781 619 1824 cum
639 1761 802 1844 inquirere
823 1761 964 1824 animum
987 1757 1185 1842 inducerem,
1210 1769 1245 1824 ut
1267 1759 1417 1846 bipertito

333 1952 353 2018 1)
372 1948 530 2020 Δημηγορικά
548 1953 628 2016 enim,
651 1952 722 2017 quod
741 1953 823 2002 ceteri
842 1952 949 2014 habent,
969 1951 1053 2002 codex
1072 1950 1099 2015 Σ,
1118 1953 1165 2017 qui
1183 1953 1371 2018 integerrimus
1388 1957 1416 2005 in

221 2041 395 2090 orationibus
417 2039 607 2089 Demosthenis
629 2040 765 2090 tradendis
787 2041 863 2090 testis
886 2045 1007 2105 repertus
1031 2044 1078 2102 est,
1102 2041 1199 2089 omisit.
1233 2045 1295 2090 sunt
1317 2047 1416 2104 autem,

221 2127 392 2177 utbreviter
411 2141 551 2191 exponam,
574 2127 687 2190 codices,
710 2128 739 2176 in
758 2127 855 2192 quibus
873 2127 940 2176 haec
957 2127 1095 2192 prooemia
1113 2125 1262 2188 traduntur,
1287 2133 1416 2192 quantum

222 2229 257 2264 ex
278 2214 475 2280 prolegomenis
493 2215 591 2264 criticis
609 2214 742 2264 Voemelii
762 2215 874 2280 perspici
892 2219 990 2279 potest,
1009 2213 1065 2264 fere
1083 2213 1123 2262 hi:
1143 2214 1200 2263 eod.
1218 2217 1247 2264 Σ
1260 2215 1342 2264 Paris.
1361 2231 1416 2280 reg.

223 2303 296 2351 2934
315 2317 382 2352 saec.
402 2303 434 2351 X.
455 2301 582 2366 (Behker.
602 2302 642 2352 ed.
655 2301 744 2351 Berol.
765 2299 792 2365 Σ,
811 2302 852 2352 ed.
872 2301 958 2352 Oxon.
975 2302 1001 2364 S,
1019 2301 1141 2372 Dindorf.
1156 2300 1193 2366 S),
1212 2303 1241 2350 in
1259 2319 1312 2368 quo
1330 2303 1416 2353 medio

221 2390 283 2439 fere
302 2391 438 2456 prooemia
450 2405 510 2439 eum
524 2389 646 2454 epistulis
665 2389 792 2454 leguntur
806 2390 972 2439 orationibus
988 2390 1152 2454 interposita.
1166 2417 1198 2425 -
1212 2389 1269 2438 cod.
1285 2389 1312 2438 F
1320 2389 1416 2440 Venet.

222 2477 308 2526 Marc.
326 2479 376 2526 416
395 2491 464 2527 saec.
482 2477 540 2540 XL,
559 2478 587 2525 in
609 2492 662 2542 quo
681 2478 825 2542 prooemia,
844 2492 897 2542 quo
916 2476 976 2526 loco
995 2492 1067 2526 nuno
1080 2482 1173 2526 extant
1190 2478 1219 2525 in
1237 2476 1312 2526 libris
1330 2478 1416 2540 editis,

222 2563 353 2630 leguntur
372 2564 472 2626 ordine,
491 2569 521 2614 ut
539 2566 567 2613 in
585 2563 693 2627 Aldina,
711 2565 874 2629 perturbato.
895 2591 927 2600 -
946 2563 1003 2614 eod.
1022 2564 1088 2614 Bou.
1106 2565 1276 2613 Monacensis
1295 2565 1327 2613 86
1347 2579 1416 2613 saec.

222 2651 298 2700 XIII.
318 2650 452 2716 (Dindorf.
471 2656 498 2700 et
516 2651 605 2700 Turio.
625 2651 667 2715 B),
687 2651 719 2700 de
739 2667 792 2716 quo
809 2651 881 2701 idem
901 2650 1052 2714 dicendum,
1072 2650 1143 2715 quod
1162 2651 1194 2701 de
1213 2651 1243 2701 F.
1264 2679 1296 2687 -
1315 2651 1372 2700 cod.
1396 2654 1419 2700 Y

222 2739 307 2788 Paris.
327 2753 381 2803 reg.
396 2739 463 2787 2935
482 2752 551 2787 saec.
565 2737 620 2801 x1.,
638 2740 667 2786 in
686 2754 738 2804 quo
757 2738 882 2788 ultimum
900 2738 990 2787 locum
1009 2739 1146 2804 prooemia
1164 2738 1299 2800 obtinent3
1318 2739 1375 2787 cod.
1389 2738 1416 2786 Ω

222 2825 356 2875 ecclesa
373 2824 501 2890 Antverp.
520 2827 553 2874 43
570 2824 666 2889 ,(Βνιοκ.
682 2825 776 2889 11295)
796 2839 865 2875 saec.
884 2823 964 2874 XIIII
982 2827 1018 2874 in.
1038 2824 1173 2890 (Dindorf.
1187 2824 1236 2890 0);
1254 2826 1283 2874 in
1301 2830 1416 2889 utroque

221 2912 292 2962 libro
310 2915 338 2961 in
360 2913 503 2977 prooemiis
522 2912 615 2962 eadem
634 2918 675 2962 est
692 2912 791 2962 lacuna
809 2914 890 2963 trium
912 2914 1071 2978 paginarum
1095 2912 1159 2977 (18.
1175 2950 1180 2962 .
1194 2915 1227 2961 25
1247 2909 1416 2980 ἐγνωκέναι..

221 2996 324 3066 λόγους)
348 3001 423 3066 signo
447 3017 501 3050 non
524 3001 636 3053 adiecto.
657 3029 689 3038 -
713 3002 770 3052 cod.
792 3006 819 3052 Φ
842 3002 938 3052 Venet.
958 3002 1040 3050 Marc.
1058 3002 1110 3050 418
1133 2995 1201 3050 saec.
1222 3001 1268 3050 XI.
1287 2999 1414 3065 (Behloer.

222 3086 265 3136 ed.
279 3087 367 3137 Berol.
381 3085 414 3150 (Ι),
434 3088 518 3138 Oxon.
532 3089 568 3150 Q3
587 3089 708 3138 Dindorf.
727 3089 775 3153 Q);
789 3091 925 3155 prooemia
943 3094 970 3137 et
988 3087 1121 3154 epistulae
1139 3089 1167 3136 in
1185 3087 1278 3136 codice
1296 3093 1415 3136 extremo

221 3172 359 3239 leguntur.
380 3202 411 3210 -
437 3175 494 3225 cod.
512 3192 528 3224 ο
546 3175 630 3224 Paris.
651 3174 730 3225 Coisl.
751 3176 801 3224 339
820 3190 888 3224 saec.
908 3175 979 3239 XV.;
1003 3176 1140 3240 prooemia
1157 3180 1188 3224 ut
1206 3175 1228 3223 F
1247 3175 1339 3224 ordine
1358 3189 1415 3240 per-

222 3261 330 3311 turbato
358 3261 468 3311 exhibet
494 3262 629 3328 scriptoris
657 3263 765 3312 nomine
788 3279 842 3312 non
865 3261 963 3312 addito.
989 3290 1020 3298 -
1044 3261 1101 3311 cod.
1124 3280 1140 3311 r
1162 3262 1245 3314 Paris.
1269 3277 1323 3327 reg.
1347 3263 1415 3310 9936

222 3347 383 3413 (Colbertin.
402 3350 481 3415 3769)
501 3364 570 3400 saec.
589 3350 695 3412 XIIII.;
718 3353 863 3416 prooemia,
886 3365 954 3415 quae
972 3350 1035 3399 inde
1053 3365 1070 3400 a
1088 3351 1120 3399 X.
1139 3351 1281 3415 incipiunt,
1300 3350 1329 3397 in
1347 3349 1414 3399 libro

222 3442 341 3486 extremo
360 3438 459 3503 scripta
482 3442 551 3487 sunt.
572 3465 604 3474 —
623 3438 679 3488 cod.
699 3437 805 3490 Vlcdob.
825 3442 841 3488 4
865 3438 933 3505 (cod.
955 3438 1048 3488 Graec.
1068 3437 1126 3503 CV)
1150 3453 1218 3488 saec.
1238 3437 1325 3486 XIIII.
1345 3437 1413 3486 med.

221 3523 238 3573 f.
254 3521 321 3572 118b
334 3539 391 3588 sqq.
409 3521 571 3590 δημοσθένους
590 3523 706 3592 προοίμια
724 3521 884 3592 δημηγορικά,
903 3526 920 3575 f.
937 3523 1004 3574 123b
1017 3541 1073 3590 sqq.
1092 3523 1161 3582 τέλος
1180 3522 1316 3592 προοιμίων
1334 3523 1414 3591 δημη-

220 3610 328 3678 γορικῶν
348 3608 517 3678 δημοσθένους.
551 3609 669 3680 προοίμια
687 3609 717 3662 τὰ
735 3609 794 3662 αὐτὰ
812 3612 861 3670 τοῖς
880 3612 1049 3680 προγραφεῖσν,
1068 3613 1144 3662 euius
1162 3611 1224 3662 libri
1243 3611 1414 3662 collationem

221 3699 450 3749 accuratissimam
468 3700 526 3764 ipse
544 3700 656 3752 confeci.
672 3729 702 3737 -
717 3701 773 3750 cod.
790 3700 859 3751 Vati
873 3703 905 3750 68
925 3715 992 3752 saec.
1006 3700 1064 3749 XV.
1077 3702 1127 3763 inq
1146 3701 1283 3766 prooemia
1300 3701 1328 3748 in
1347 3698 1415 3748 libro

220 3785 350 3850 leguntur
364 3785 469 3837 ultimo.
484 3815 516 3822 —
530 3786 586 3836 cod.
599 3787 656 3839 Vct.
669 3789 702 3836 69
721 3802 789 3838 saec.
803 3788 903 3850 xlm„
923 3787 1010 3853 suppl.
1024 3803 1093 3838 saec.
1107 3789 1189 3850 XVI,
1207 3789 1235 3836 in
1248 3803 1301 3852 quo
1313 3787 1415 3849 eadem,

219 3886 291 3937 quae
314 3873 343 3921 in
366 3873 423 3922 cod.
447 3874 470 3922 F
494 3879 542 3936 est,
570 3875 708 3924 invenitur
734 3877 930 3941 prooemiorum
958 3876 1132 3940 perturbatio.
1157 3903 1188 3910 -
1212 3875 1325 3937 codices,
1348 3889 1415 3939 quos

222 3974 300 4008 nemo
319 3959 382 4009 dum
400 3963 535 4023 tractavit,
558 3967 632 4011 sunt:
656 3962 713 4011 cod.
734 3962 821 4012 Paris.
840 3965 892 4012 256
915 3977 982 4012 saec.
1003 3962 1104 4026 xlm„
1126 3963 1172 4027 qui
1195 3967 1300 4027 praeter
1318 3961 1415 4010 Demo-

221 4046 322 4096 sthenis
346 4046 523 4111 Olynthiacas
546 4048 665 4098 eiusdem
689 4048 798 4099 exordia
821 4064 881 4098 eum
906 4049 987 4101 schol.
1010 4065 1111 4114 margg.
1131 4054 1212 4114 atque
1235 4063 1267 4098 ea
1289 4063 1359 4113 quae
1382 4063 1415 4098 ex

220 4133 411 4184 Demosthenis
424 4136 590 4185 orationibus
607 4137 740 4202 excerpsit
752 4136 865 4186 Photius
883 4139 1017 4200 continet3
1036 4137 1094 4186 cod.
1108 4135 1222 4186 Ambros.
1235 4136 1263 4185 D
1277 4138 1325 4184 112
1345 4149 1413 4185 saec.

220 4221 289 4284 XH.‚
307 4223 336 4271 in
349 4237 403 4287 quo
415 4223 606 4273 Demosthenis
619 4225 753 4273 orationes
765 4225 856 4274 XXXI
873 4226 966 4274 insunt
984 4231 1012 4275 et
1029 4227 1174 4291 prooemia.
1200 4229 1339 4290 praeterea
1356 4239 1413 4288 pro·

220 4309 308 4358 oemia
322 4311 456 4360 contineri
468 4311 525 4360 veri
543 4311 631 4360 simile
644 4317 684 4361 est
703 4311 806 4361 duobus
824 4312 962 4362 codicibus
980 4314 1010 4362 in
1023 4312 1137 4362 Graecia
1154 4311 1310 4372 adservatis,
1329 4309 1413 4359 altero

219 4395 248 4444 in
266 4399 429 4446 monasterio
441 4398 556 4461 Laetae,
575 4398 660 4449 altero
679 4399 708 4448 in
728 4401 889 4449 monasterio
903 4399 939 4450 st.
954 4399 1073 4464 Virginis
1091 4401 1119 4448 in
1134 4397 1228 4448 Chalci
1245 4396 1413 4464 paeninsula.

221 4509 254 4516 —
277 4490 395 4534 ceterum
425 4486 545 4535 extitisse
572 4487 708 4552 prooemia
734 4487 762 4535 in
790 4486 912 4552 exemplo
935 4485 1080 4548 Atticiano,
1108 4486 1179 4552 quod
1206 4486 1311 4547 dicitur,
1339 4499 1372 4534 ex
1395 4479 1413 4530 Σ

219 4576 341 4635 apparet,
371 4587 425 4636 quo
453 4571 534 4621 simul
565 4587 693 4622 numerus
720 4588 845 4622 versuum
873 4587 965 4622 eorum
993 4573 1108 4623 traditus
1135 4578 1175 4623 est
1201 4570 1316 4621 Christio
1344 4576 1412 4620 teste

220 4654 380 4722 inlinens,
399 4657 538 4709 Dindorfio
552 4666 580 4709 et
592 4659 694 4710 Cobeto
712 4661 866 4710 auctoribus
879 4645 1054 4728 ΧΗΗΗ)Ῑ)ΔΔ;
1074 4659 1107 4709 of.
1121 4659 1210 4710 Christ
1222 4655 1284 4708 ‘Die
1296 4657 1413 4707 Atticus·

218 4745 335 4810 ausgabe
354 4745 379 4795 d.
397 4744 440 4796 D.'
464 4762 558 4796 comm.
578 4747 653 4797 acad.
671 4748 779 4800 Monac.
798 4748 820 4798 1.
839 4747 873 4799 cl.
891 4748 956 4797 XVI
979 4753 999 4796 t.
1019 4747 1064 4796 III
1083 4763 1112 4810 s.,
1134 4745 1251 4796 Dindorf
1267 4746 1306 4796 ed.
1327 4745 1412 4795 Oxon.

218 4824 271 4882 vil.
291 4833 351 4883 1111
369 4851 395 4899 p.
416 4836 491 4897 1486,
510 4834 597 4885 Cobet
615 4837 691 4890 Misc.
710 4838 768 4888 crit.
787 4853 812 4902 p.
832 4839 855 4886 6.
