3530 5536
709 480 923 534 „89-

230 670 376 723 φρίσσουσι
391 685 433 722 or.
443 667 529 724 VIII.
546 668 719 743 deprompto
733 671 815 724 sunt:

289 789 332 846 pr.
344 774 393 839 21,
407 769 644 848 υπαραναλώοετε
653 766 703 843 μὲν
710 768 789 828 πάνθ’
908 790 950 829 or.
960 773 1038 828 VIII
1053 776 1091 830 12
1104 769 1144 828 do'
1154 771 1187 828 ἀν
1200 767 1410 849 δαπανήσωμεν,

229 871 308 930 do'dv
324 871 497 947 δαπανήσητε
514 919 546 933 ..
844 873 949 930 ἅπαντα
969 874 1057 948 μάτην
1078 872 1251 950 ἀνηλωκέναι
1273 871 1326 959 (sc.
1346 875 1411 951 ἡμῖν

844 974 998 1060 συμβαίνει)

289 1080 305 1159 β
322 1087 339 1140 2
357 1081 371 1138 ὅ
386 1101 411 1139 τι
426 1080 480 1159 χρὴ
495 1085 606 1155 ποιῆσαι
909 1082 925 1161 §
942 1089 981 1142 23
999 1090 1029 1143 et
1046 1090 1086 1144 38
1102 1083 1128 1143 τί
1143 1078 1187 1142 οὖν
1201 1084 1256 1163 χρὴ
1272 1086 1373 1160 ποιεϊν;

230 1186 301 1244 illud
322 1191 421 1245 cutem
437 1183 524 1244 ίνόών
540 1187 588 1265 μη,
604 1185 634 1244 τδ
651 1185 748 1268 ῥᾷστον
765 1186 900 1266 ἁπάντων,
917 1186 1068 1262 ἐπιτιμησω
1084 1188 1166 1262 μόνον
1185 1191 1217 1250 in
1237 1188 1252 1266 β
1269 1195 1287 1249 4
1305 1196 1337 1247 ut
1352 1192 1411 1248 De-

229 1293 441 1350 mosthenicum
457 1286 506 1374 [ex
522 1313 563 1351 or.
580 1295 595 1349 I
614 1297 651 1350 16
668 1286 832 1375 occeptum]
848 1293 1078 1368 significavimus
1094 1315 1122 1370 p.
1141 1299 1191 1353 68.

327 1398 433 1474 Neque
455 1397 547 1471 magis
570 1418 608 1455 ex
627 1397 837 1456 Demosthenis
859 1399 978 1455 hortulo
1001 1398 1183 1457 emanavisse
1206 1404 1276 1475 puto
1299 1419 1343 1475 pr.
1360 1403 1411 1470 24,

229 1504 304 1578 quod
319 1504 441 1560 undeet
457 1521 514 1580 quo
525 1504 611 1559 modo
624 1503 784 1560 conflatum
795 1503 842 1574 sit,
859 1504 938 1561 haud
955 1503 1054 1577 magni
1067 1507 1112 1560 est
1127 1502 1235 1560 loboris
1248 1505 1411 1562 ostendere.

227 1606 347 1664 initium
360 1606 504 1683 prooemii
516 1601 548 1662 Ei
559 1601 606 1662 καὶ
618 1604 705 1679 μηδὲν
719 1604 792 1665 ἀλλο
803 1626 852 1684 τις,
865 1601 887 1664 ώ
901 1607 926 1665 ά.
940 1606 991 1683 'A.,
1008 1607 1138 1685 πρότερον
1149 1605 1214 1685 παρ’
1223 1605 1284 1680 ὑμῖν
1296 1603 1413 1687 εἰρηκώς

228 1707 279 1788 εἴη,
302 1712 346 1768 νῦν
368 1729 402 1786 γε
424 1707 518 1788 λέγων
535 1755 541 1767 .
560 1708 659 1788 ,παρὰ
679 1711 787 1769 πάντων
811 1710 841 1768 ἀν
858 1729 904 1784 μοι
920 1709 997 1768 δοκεῖ
1012 1707 1126 1780 δικαίως
1141 1711 1306 1788 συγγνώμης
1321 1713 1414 1787 τυχεῖν

227 1815 256 1872 in
270 1815 441 1874 memoriam
453 1815 509 1874 tibi
521 1818 643 1874 reducet
654 1817 727 1874 haec
740 1836 782 1874 or.
793 1820 856 1886 4,1:
870 1815 988 1892 ἡγοῦμαι
999 1811 1046 1873 καὶ
1057 1819 1164 1893 πρῶτος
1175 1813 1292 1885 ἀναοτάς
1301 1812 1414 1886 εἰκότως

227 1917 258 1976 ἀν
274 1920 437 1996 συγγνώμης
453 1915 604 1996 τυγχάνειν.
635 1923 685 1980 sed
705 1921 757 1999 qui
773 1920 956 1997 prooemium
972 1920 1046 1978 illud
1067 1921 1250 1998 conscripsit,
1272 1921 1415 1996 cogitavit

227 2026 263 2082 de
275 2025 404 2096 homine,
418 2026 469 2103 qui
482 2031 550 2084 ante
561 2027 652 2086 verba
664 2026 695 2084 in
707 2026 843 2084 contione
855 2046 914 2083 non
926 2026 1053 2084 fecisset.
1078 2028 1164 2101 longe
1175 2032 1275 2084 cutem
1287 2027 1415 2104 plurima

227 2129 268 2187 ibi
285 2135 400 2206 sumpto
415 2135 483 2188 sunt
499 2151 537 2189 ex
553 2151 593 2189 or.
610 2133 688 2203 XV,
705 2133 783 2189 unde
800 2131 851 2188 illc
866 2150 982 2209 quoque
999 2128 1082 2188 ἀδικα
1098 2129 1263 2206 ἐγκλήματα
1278 2152 1295 2189 a
1310 2132 1414 2207 legatis

227 2235 403 2312 quibusdam
418 2236 449 2292 in
466 2236 663 2294 Athenienses
679 2236 796 2306 iactata,
818 2235 848 2293 in
864 2235 971 2312 quibus
987 2238 1114 2312 quodam
1131 2238 1215 2294 modo
1231 2237 1415 2312 prooemium

227 2340 342 2410 nititur,
368 2341 456 2398 ducto
478 2346 557 2411 sunt3
583 2343 619 2399 cf.
637 2361 678 2399 or.
696 2343 754 2399 XV
772 2346 789 2398 2
815 2339 862 2409 τὰς
884 2338 958 2418 παρὰ
978 2344 1031 2397 τῶν
1048 2337 1255 2413 διαβαλλόντων
1271 2338 1319 2413 τὴν
1334 2338 1414 2398 πόλιν

226 2443 305 2516 ἡμῶν
327 2442 511 2521 βλασφημίας,
531 2443 547 2521 §
565 2450 582 2503 3
598 2443 742 2525 ᾐτιάσαντο
759 2442 809 2517 μὲν
825 2441 878 2521 γάρ
893 2443 968 2518 ἡμᾶς
984 2441 1169 2516 ἐπιβουλεύειν
1186 2443 1275 2512 αὐτοῖς
1290 2443 1354 2501 Χῖοι
1369 2440 1415 2502 καί

227 2547 364 2616 Βυζάντιοι
380 2545 426 2606 καί
443 2547 551 2626 Ῥόδιοι,
574 2548 590 2626 β
609 2556 645 2610 17
671 2548 736 2626 ὑπὲρ
751 2545 828 2606 τίνων
845 2544 890 2606 οὖν
908 2546 977 2606 ἐστιν
996 2545 1049 2630 (sc.
1066 2546 1126 2621 ὑμῖν
1141 2546 1156 2603 ὃ
1170 2542 1325 2626 πόλεμος),
1348 2547 1415 2627 πρδς

227 2651 277 2723 μὲν
293 2651 353 2720 τοὺς
370 2652 474 2726 δήμους
489 2655 507 2726 ἢ
521 2650 582 2732 περὶ
596 2658 650 2711 τών
666 2649 740 2711 ἰδίων
757 2651 943 2729 ἐγκλημάτων
960 2697 967 2710 .
985 2697 993 2711 .
1025 2653 1133 2711 deinde
1149 2653 1295 2710 conferas:

291 2779 335 2835 pr.
351 2763 400 2829 24,
414 2779 426 2816 3
441 2757 471 2816 τδ
484 2757 533 2831 μὲν
545 2756 599 2837 γάρ
611 2759 676 2836 ὁρᾶν
687 2757 795 2828 τούτους
912 2778 953 2815 or.
967 2759 1024 2815 XV
1043 2763 1060 2814 2
1079 2754 1133 2813 ἔστι
1145 2755 1196 2829 μέν
1209 2752 1254 2814 οὖν
1266 2755 1295 2813 ἐν
1308 2749 1345 2814 ών
1359 2754 1416 2833 ἐγώ

226 2860 271 2918 τδν
289 2859 402 2919 Ῥοδίων
423 2860 520 2938 δῆμον,
540 2861 585 2919 τδν
605 2861 676 2920 πολὺ
696 2862 794 2920 τούτων
846 2854 948 2933 νομίζω
960 2861 1041 2939 χάριν
1052 2861 1121 2934 ὑμᾶς
1134 2862 1190 2930 τοῖς
1202 2860 1274 2931 θεοῖς
1287 2858 1414 2938 ὀφείλειν,

227 2964 286 3023 ποτ’
303 2960 520 3044 ἀσελγεστέρους
546 2964 648 3045 λόγους
674 2965 794 3042 λέγοντα
846 2965 876 3023 τδ
887 2964 949 3035 τοὺς
962 2963 1007 3022 διά
1017 2965 1065 3039 τὴν
1078 2963 1165 3022 αὐτῶν
1172 2962 1247 3043 ὕβριν
1257 2964 1317 3039 ὑμῖν
1325 2965 1414 3024 πολε-

227 3069 293 3145 πρδς
302 3068 381 3146 ὑμᾶς,
395 3068 486 3143 ἱκέτην
495 3070 624 3151 ὑμέτερον
635 3071 793 3149 γεγενημέ-
848 3073 987 3143 μηοαντας
999 3070 1028 3127 οὺ
1037 3069 1136 3147 πάλαι,
1152 3072 1196 3128 νῦν
1210 3069 1238 3128 ἐν
1251 3069 1311 3144 ὑμῖν
1324 3071 1416 3142 μόνοις

227 3193 272 3231 νον
283 3167 488 3250 είντίιχημέίναι
501 3172 601 3248 νομίζω
614 3180 662 3249 τῆς
673 3175 792 3245 πόλεως.
846 3179 895 3247 τῆς
905 3173 991 3232 αὑτῶν
1001 3172 1134 3252 σωτηρίας
1148 3173 1222 3250 ἔχειν
1231 3172 1279 3245 τὰς
1289 3172 1414 3242 ἐλπίδας.

292 3279 365 3337 ibid.
399 3276 537 3347 πολλάκις
574 3278 635 3336 καθ’
653 3278 690 3336 ἕν’
708 3279 794 3336 αάτών
912 3300 954 3338 or.
978 3282 1011 3337 ΙΙ
1041 3284 1080 3338 24
1111 3280 1250 3337 σεσώκατε
1276 3276 1416 3348 πολλάκις

229 3383 340 3441 ἕκαστον
356 3379 434 3456 ὑμεῖς
449 3377 596 3442 σεσώκατε.
846 3383 951 3452 πάντας
969 3379 1016 3440 καί
1031 3382 1094 3440 καθ’
1106 3381 1143 3440 ἕν’
1155 3382 1241 3440 αάτών
1257 3383 1370 3440 ἕκαστον
1387 3380 1415 3439 ἐν

847 3486 1014 3564 μέρει..σί
1028 3508 1070 3545 or.
1084 3489 1141 3545 XV
1156 3481 1415 3560 22ὑμάς..δόξαν

848 3589 963 3666 ἔχοντας
985 3591 1031 3649 τοῦ
1054 3591 1148 3660 σώζειν
1168 3588 1230 3660 τοὺς
1250 3589 1416 3666 ἀτυχοῦντας

756 3687 788 3729 Γ
847 3692 1088 3772 ἀείνίάυμ.60.

292 3820 334 3876 pr.
353 3805 402 3871 24,
419 3819 432 3857 ι
447 3799 661 3876 composuimus
677 3819 743 3857 cum
758 3819 799 3858 or.
813 3802 871 3858 XV
890 3805 927 3858 16
944 3822 973 3877 p.
987 3805 1037 3858 67.
1061 3805 1153 3859 restet
1168 3806 1201 3858 ut
1216 3801 1414 3858 conferamus:

291 3923 335 3981 pr.
354 3908 403 3975 24,
425 3924 436 3961 1
455 3901 490 3960 τὰ
509 3899 601 3961 δίκαια
620 3901 686 3981 ὑπὲρ
708 3900 794 3961 αὑτῶν
912 3925 953 3962 or.
968 3906 1027 3963 XV
1045 3909 1084 3963 25
1101 3901 1165 3980 ὑπὲρ
1182 3903 1256 3976 ὑμῶν
1274 3949 1279 3960 .
1298 3947 1305 3962 .
1323 3900 1356 3960 τά
1372 3901 1415 3960 δί-

228 4052 235 4064 .
253 4050 260 4064 .
277 4004 371 4082 λέγειν
388 4049 395 4064 .
414 4004 450 4085 ,1)
847 4027 913 4065 καια
927 4006 1032 4085 λέγειν.

291 4110 306 4188 §
323 4116 341 4169 4
364 4111 449 4189 ἕτεροι
470 4108 501 4167 δέ
521 4130 591 4180 τινες
606 4108 795 4168 καταδουλοῦ-
912 4111 928 4189 β
942 4118 959 4170 3
976 4112 1121 4189 φανήσεται
1138 4108 1186 4167 δ’ὁ
1202 4110 1252 4185 μὲν
1266 4109 1415 4189 πρυτανεύ-

228 4213 289 4273 σθαι
309 4214 472 4289 βουλόμενοι
491 4214 552 4285 τοὺς
574 4213 660 4272 αὐτών
678 4211 794 4283 πολίτας
848 4235 900 4284 σοις
910 4212 1047 4272 ταῦτακαὶ
1057 4215 1154 4285 πείσας
1163 4212 1328 4292 Μαύσωλος,
1338 4213 1415 4291 φιλας

228 4316 408 4391 διαβάλλουσι
423 4319 489 4398 πρδς
505 4318 588 4392 ἡμᾶς.
850 4312 917 4376 εἶναι
933 4319 1041 4395 φάσκων
1055 4315 1178 4397 Ῥοδίων,
1194 4317 1242 4393 τὴν
1259 4317 1415 4397 ἐλευθερίαν

788 4424 792 4436 ’
850 4423 935 4480 αὐτῶν
951 4422 1134 4501 ἀφῃρημένος.

332 4665 351 4726 1)
375 4661 453 4730 λέγειν
476 4662 578 4712 addidit
596 4663 696 4712 Reiske
720 4677 753 4712 ex
775 4679 835 4729 app.
860 4663 899 4712 ed.
923 4663 1013 4712 Lutet.
1042 4663 1081 4727 (in
1108 4663 1196 4727 priore
1218 4660 1415 4728 prooemiorum

226 4751 372 4817 exemplari
392 4743 491 4800 codicis
509 4749 624 4799 Vindob.
643 4752 660 4798 4
680 4747 750 4818 [CV]
769 4749 869 4816 iegitur
887 4746 979 4815 εἰπεῖν).
