3530 5536
852 439 1045 522 45..

357 658 450 734 igitur
474 677 512 716 ex
531 659 584 716 hac
604 657 779 716 difficultate
799 676 861 714 sese
882 657 1030 732 expediat,
1051 655 1175 713 fortuito
1190 656 1222 713 id
1243 655 1424 731 prooemium
1439 655 1544 714 statuit

358 763 495 821 inillam
517 762 717 820 collectionem
739 754 946 840 inrepsisse;¹)
972 765 1061 837 atque
1087 760 1167 817 idem
1197 759 1337 835 suspicari
1366 759 1481 833 cogitur
1507 760 1544 816 de

357 888 400 943 pr.
414 867 555 934 XXIIH,
572 865 655 924 cuius
670 865 775 923 similis
791 869 835 922 111
850 870 965 923 natura.
981 866 1036 922 hoo
1051 884 1122 924 vcro
1138 864 1320 940 prooemium
1336 863 1476 921 orationis
1492 883 1544 939 pro

358 970 483 1028 Rhodiis
505 970 624 1027 habitae
646 969 734 1027 facile
757 969 928 1027 memoriam
951 968 1062 1042 legenti
1083 969 1219 1026 adferens
1242 967 1329 1025 initio
1353 968 1545 1043 compositum

358 1093 421 1132 esse
441 1073 579 1149 opinatur
598 1092 631 1130 eo
651 1073 782 1144 consilio,
803 1078 836 1130 ut
851 1072 1064 1149 praefigeretur
1078 1071 1124 1129 illi
1141 1072 1280 1143 orationi;
1302 1077 1403 1148 postca
1417 1091 1487 1131 vero
1503 1071 1546 1128 ait

357 1179 523 1252 neglectum
535 1197 597 1235 esse
608 1182 639 1234 et
650 1178 783 1248 alterum,
800 1178 831 1234 h.
844 1197 870 1234 e.
883 1177 1017 1246 XXVII,
1034 1176 1063 1233 ei
1078 1175 1286 1252 praepositum.
1303 1179 1449 1250 postremo
1462 1176 1546 1232 docet

359 1282 488 1339 alienum
506 1280 604 1342 videri
624 1301 641 1338 a
660 1280 788 1340 veritate
811 1300 870 1337 non
891 1280 988 1337 minus
1010 1279 1225 1356 qninquaginta
1247 1281 1318 1336 duas
1338 1277 1546 1336 Demosthenis

359 1385 506 1443 orationes
526 1385 693 1460 deperditas
713 1405 775 1441 esse
794 1403 891 1461 neque
906 1384 1000 1458 magis
1015 1385 1051 1440 ad
1067 1403 1171 1443 verum
1186 1385 1324 1441 accedere
1340 1403 1408 1440 eum
1422 1387 1467 1440 tot
1483 1401 1546 1440 ora-

358 1489 453 1546 tiones
467 1488 604 1546 habuisse
620 1487 751 1546 exordiis
766 1489 969 1545 tantummodo
985 1488 1180 1563 praeparatis3
1202 1489 1279 1564 quod
1296 1507 1334 1545 ex
1349 1491 1433 1562 parte
1447 1488 1547 1546 valere

359 1597 460 1651 contra
475 1611 534 1662 eos,
551 1591 603 1668 qui
616 1593 653 1648 de
665 1591 796 1649 exordiis
812 1591 1033 1668 deperditarum
1049 1591 1215 1649 orationum
1230 1592 1442 1666 cogitaverunt,
1459 1590 1547 1648 intel-

358 1696 493 1771 legimus.
516 1697 590 1754 haec
608 1696 802 1770 Broughamii
822 1696 969 1753 sententia
988 1698 1109 1772 probata
1129 1700 1173 1753 est
1192 1696 1313 1766 Blassio,
1335 1695 1387 1773 qni
1405 1696 1461 1752 hoc
1483 1695 1548 1752 fere

360 1800 583 1875 argumentandi
596 1819 687 1874 genus
698 1801 851 1876 amplexus
863 1795 946 1880 est.²)
963 1819 1029 1858 cum
1041 1819 1085 1870 ea,
1096 1818 1170 1877 quae
1182 1799 1214 1856 in
1226 1799 1384 1876 prooemiis
1397 1799 1548 1875 pertinent

359 1907 395 1962 ad
411 1907 458 1963 res
474 1910 567 1980 gestas
583 1909 633 1962 aut
649 1905 685 1962 ad
697 1924 799 1965 veram
813 1905 943 1982 aliquam
958 1924 1057 1962 rerum
1073 1904 1284 1976 condicionem,
1301 1904 1333 1961 in
1348 1904 1400 1962 illa
1415 1909 1549 1980 tempora

359 2009 500 2080 incidant,
524 2009 630 2086 quibus
649 2009 864 2067 Demosthenes
887 2010 1007 2066 tandem
1026 2008 1058 2066 in
1079 2028 1111 2066 re
1131 2009 1248 2084 publiea
1267 2009 1379 2069 versari
1401 2013 1546 2085 coeperat,

359 2132 485 2190 cumque
499 2112 649 2188 prooemia
660 2112 703 2170 ita
714 2117 881 2188 comparata
892 2112 961 2184 sint,
978 2117 1012 2169 ut
1027 2111 1155 2188 plurima
1165 2113 1294 2171 habeant
1305 2113 1471 2170 communia
1483 2131 1549 2170 oum

358 2216 567 2276 vetustissimis
583 2217 792 2274 Demosthenis
811 2216 1001 2288 orationibus,
1023 2236 1115 2292 pauea
1135 2236 1201 2274 oum
1221 2216 1388 2275 recentibus
1408 2236 1501 2294 eaque
1515 2217 1548 2273 in

358 2319 533 2398 quibusdam
547 2325 663 2378 tantum
678 2321 890 2378 sententiarum
910 2321 1190 2380 conformationibus
1211 2321 1456 2399 dictionibusque,
1481 2341 1548 2397 pro-

359 2426 455 2483 oemia
476 2425 589 2483 rhetori
613 2424 740 2482 adscribi
762 2444 819 2482 non
839 2444 932 2502 posse.
956 2444 1009 2483 cur
1027 2426 1107 2483 enim
1126 2446 1195 2484 eum
1214 2426 1389 2485 abstinuisse
1408 2445 1511 2483 manus
1531 2445 1548 2483 a

360 2530 482 2587 summis
502 2528 730 2607 clarissimisque
744 2530 953 2588 Demosthenis
973 2529 1169 2589 orationibus?
1190 2530 1260 2588 inde
1281 2531 1371 2588 etiam
1391 2530 1474 2607 sequi
1490 2531 1548 2588 col·

359 2634 518 2692 lectionem
538 2634 646 2692 factam
666 2653 728 2691 csse
748 2634 825 2692 cirea
845 2654 953 2691 annum
971 2638 1031 2692 349
1049 2639 1182 2693 1111111
1198 2633 1431 2708 1111111113)
1452 2635 1549 2710 pergit

361 2738 468 2795 deinde
488 2738 540 2809 111,
561 2743 596 2795 ut
615 2739 687 2796 duas
707 2738 893 2816 quaestiones
908 2739 1055 2809 instituat,
1076 2743 1177 2796 utrum
1192 2741 1405 2798 Demosthenes
1420 2759 1458 2796 an
1473 2739 1549 2796 alius

360 2841 510 2918 prooemia
529 2842 681 2916 collegerit
701 2848 731 2900 et
745 2847 846 2901 utrum
860 2845 1076 2901 Demosthenes
1091 2845 1167 2900 solus
1183 2864 1218 2901 ea
1233 2844 1429 2920 composuerit
1443 2863 1480 2900 an
1496 2845 1549 2900 111-

359 2946 457 3004 buerit
478 2946 580 3004 socios.
603 2946 663 3004 iam
682 2952 717 3004 nt
736 2948 817 3023 prius
837 2950 949 3023 probet,
974 2949 1104 3006 ostendit
1119 2949 1184 3008 veri
1204 2949 1301 3006 simile
1320 2969 1383 3007 esse
1405 2954 1466 3006 tam
1481 2947 1549 3006 dili-

361 3057 478 3125 gentem
501 3055 531 3108 et
551 3051 698 3109 curiosum
720 3056 864 3110 oratorem
887 3053 943 3110 sibi
966 3053 1181 3128 prooemiorum
1205 3054 1313 3112 librum
1336 3053 1549 3129 conscripsisse·

362 3157 479 3230 cognita
500 3157 674 3232 praesertim
692 3158 767 3214 bene
783 3157 958 3214 exordiendi
975 3157 1164 3228 difficultate3
1188 3177 1283 3234 neque
1299 3159 1399 3215 deesse
1415 3159 1551 3233 exempla
1605 3179 1607 3182 ·

362 3281 472 3332 eorum,
498 3261 550 3338 qui
572 3262 645 3318 11111
670 3261 784 3319 libellos
808 3262 980 3337 scripserint
999 3283 1057 3320 non
1077 3266 1169 3321 solum
1191 3264 1226 3320 ad
1252 3263 1398 3321 orationes
1420 3262 1550 3320 forenses
1604 3257 1607 3264 ’

362 3367 510 3423 habendas
522 3365 689 3436 instructos,
704 3367 754 3422 sed
767 3366 905 3423 etiamad
918 3367 1067 3425 contiones
1079 3373 1251 3444 spectantes.
1265 3372 1418 3444 praeterea
1429 3366 1552 3424 exordia

363 3469 532 3527 contionum
547 3470 843 3528 Demosthenicarum
862 3491 997 3545 magnam
1017 3475 1131 3547 partem
1149 3473 1191 3530 ita
1210 3477 1375 3548 comparata
1390 3491 1452 3529 esse
1469 3471 1550 3540 dicit,

364 3579 397 3630 11
412 3594 446 3631 11
461 3573 607 3650 principio
624 3574 779 3632 coniuncta
794 3575 886 3632 fuisse
902 3595 968 3632 cum
983 3576 1055 3651 ipsis
1072 3575 1252 3634 orationibus
1267 3596 1364 3650 neges,
1381 3576 1413 3633 id
1426 3576 1503 3652 quod
1520 3575 1551 3631 in

364 3678 466 3753 primis
483 3679 670 3735 statuendum
686 3699 748 3736 1111
765 3680 800 3736 de
817 3680 947 3737 exordiis
966 3680 1131 3737 orationum
1147 3682 1183 3738 V.
1200 3685 1231 3737 et
1245 3681 1298 3738 VI.
1314 3699 1428 3738 unusne
1444 3679 1552 3737 deinde

365 3782 558 3857 composuerit
578 3783 726 3857 prooemia
745 3783 898 3860 inquirens
919 3784 950 3841 in
970 3784 1105 3842 omnibus
1124 3785 1204 3841 idem
1223 3804 1314 3859 genus
1334 3783 1552 3859 compositionis

365 3890 453 3962 atque
465 3888 588 3944 eandem
601 3887 763 3944 orationem
775 3887 905 3948 inveniri
918 3895 1026 3960 censet,
1043 3909 1137 3967 neque
1149 3891 1241 3946 solum
1253 3891 1371 3946 easdem
1382 3889 1551 3960 sententias,

364 3991 581 4050 verumetiam
605 3993 728 4050 eandem
751 3993 964 4051 sententiarum
987 3994 1247 4052 conformationem
1270 4000 1357 4072 atque
1380 3994 1443 4070 ipsa
1462 3995 1553 4053 verba

365 4095 476 4165 redire;
498 4095 626 4173 denique
641 4098 673 4154 in
689 4097 822 4155 omnibus
842 4098 960 4173 agnosci
980 4099 1121 4156 orationis
1142 4099 1277 4156 habitum
1292 4097 1553 4156 Demosthenicum

366 4199 598 4276 inveniendique
622 4201 735 4276 copiam
758 4202 940 4279 formamque
964 4203 1254 4278 praestantissimam.
1282 4204 1432 4279 prooemia
1454 4208 1553 4260 autem

473 4388 491 4452 ¹)
510 4387 610 4437 Audias
629 4391 716 4454 ipsum
735 4406 759 4454 p.
774 4391 818 4438 35:
839 4387 873 4438 ‘lt
895 4390 991 4439 should
1015 4405 1094 4454 seem,
1118 4391 1258 4455 therefore,
1281 4392 1340 4441 that
1358 4393 1379 4441 it
1396 4391 1449 4440 had
1471 4391 1554 4440 found

367 4476 402 4524 its
420 4491 479 4540 way
498 4475 533 4540 by
552 4475 675 4525 accident
692 4491 791 4540 among
810 4477 856 4525 the
874 4475 981 4526 others?

472 4561 493 4627 ²)
512 4563 581 4613 Hist.
601 4562 670 4627 eloq.
683 4568 731 4614 att.
743 4563 784 4611 III
800 4567 821 4624 1,
840 4581 865 4627 p.
879 4564 927 4611 281
942 4579 1008 4628 sqq„
1027 4565 1059 4614 cf.
1079 4564 1119 4613 ed.
1132 4564 1333 4615 Dindorfianam
1351 4564 1397 4615 IV.
1416 4581 1432 4614 a
1450 4565 1554 4615 Blassio

369 4653 488 4698 curatam
507 4650 590 4713 praef.
610 4667 632 4714 p.
647 4651 731 4712 XXV,
751 4649 868 4701 chronol.
887 4651 964 4699 Dem.
984 4667 1009 4715 p.
1025 4653 1064 4712 12,
1083 4657 1138 4700 not.
1152 4655 1175 4702 2.

473 4736 493 4800 ³)
513 4736 591 4796 Quod
608 4735 704 4785 leviter
722 4737 843 4801 tetigisse
862 4736 1056 4786 (1111111111
1076 4742 1139 4786 ante
1158 4737 1258 4788 dictum
1277 4742 1323 4787 est.
