3530 5536
831 507 1046 562 ..30-

966 694 1024 752 σθαι
1051 698 1100 768 τῆς
1126 690 1267 762 πολιτείας
1295 691 1360 763 ίσως
1383 692 1433 766 μὲν
1457 691 1484 751 αί
1500 739 1533 753 ..

966 798 1095 876 ῶρέλειαι
1113 797 1223 872 μάλιστ’
1234 796 1324 875 αἴτιαι,
1341 797 1371 856 σὺ
1387 797 1440 872 μὴν
1457 795 1534 856 ἀλλὰ

938 928 939 984 γ
965 899 1011 960 καὶ
1020 902 1090 975 ὑμᾶς
1100 902 1130 960 ἀν
1139 921 1178 970 τις
1192 901 1251 978 ἔχοι
1265 900 1377 972 δικαίως
1390 899 1532 960 αἰτιᾶσθαι.

448 1026 582 1084 Audacia
596 1031 696 1083 autem
715 1025 746 1082 in
763 1025 959 1083 contionando
980 1045 1032 1101 pro
1052 1025 1148 1082 nihilo
1168 1026 1304 1082 habenda
1324 1030 1378 1084 eet.
1409 1028 1489 1085 locus
1505 1026 1534 1082 ei

345 1137 389 1189 cst
405 1132 435 1189 in
452 1132 578 1206 agendo:

408 1274 450 1330 pr.
469 1257 519 1323 32,
541 1273 552 1310 κ
571 1251 616 1308 τὀν
638 1250 779 1324 μέλλοντα
798 1248 910 1330 πράξειν

343 1355 377 1415 τά
393 1355 489 1414 δέοντα
505 1356 553 1414 σὐκ
569 1351 612 1413 ἐπί
628 1359 680 1413 τῶν
700 1354 793 1432 λέγων
814 1353 910 1435 θρασίνν

344 1459 411 1518 ἀλλ’
419 1457 462 1519 ἐπί
473 1464 523 1534 τῆς
535 1464 709 1538 παρασκευῆς
722 1456 828 1538 ἰσχυρδν
842 1454 911 1518 εἶναι

345 1563 394 1625 δεῖ.
441 1587 484 1642 pr.
511 1570 561 1636 45,
586 1585 598 1624 τ
626 1562 653 1622 αί
676 1563 720 1622 διὰ
742 1569 794 1622 τῶν
817 1563 909 1642 λέγων

344 1667 462 1748 ἀνδρεῖκι
478 1665 524 1726 καί
540 1669 712 1748 θρασύτητες,
730 1668 777 1727 ἐάν
793 1668 831 1743 μὴ
849 1667 909 1743 μεθ’

343 1773 515 1852 ὑπαρχούσης
535 1770 584 1832 ῶσι
599 1778 772 1853 παρασκευῆς
787 1771 832 1832 καί
854 1765 909 1852 ῥῶ-

344 1898 407 1954 μης,
420 1874 530 1936 ἀκοῦσαι
539 1879 590 1951 μέν
599 1875 666 1936 εἰσιν
674 1876 774 1955 ἡδεῖαι,
787 1879 911 1956 πράττειν

344 1980 368 2039 δ’
379 1980 548 2040 ἐπικίνδυνοι.

1030 1255 1115 1310 Dem.
1129 1273 1170 1310 or.
1187 1257 1236 1321 14,
1254 1273 1266 1311 8
1281 1253 1337 1319 τοῖς
1355 1249 1385 1308 δὲ
1401 1251 1532 1328 θρασυνο-

964 1356 1057 1429 μένοις
1083 1352 1129 1413 καὶ
1155 1355 1246 1434 σφόδρ’
1261 1354 1375 1429 ἑτοίμως
1397 1354 1532 1428 πολεμεῖν

963 1458 1152 1540 κελευουσινθ)
1168 1460 1256 1518 ἐκεῖνο
1267 1459 1356 1538 λέγω,
1370 1460 1408 1517 δτι
1419 1459 1468 1517 ουκ
1477 1459 1532 1518 ἐστι

962 1563 1088 1640 χαλεπδν
1112 1561 1243 1622 οὔθ’δτκν
1271 1561 1448 1634 βουλεύεσθαι
1471 1562 1531 1643 δέῃ,

964 1663 1046 1738 δόξαν
1068 1666 1194 1746 ἀνδρείας
1213 1667 1311 1739 λαβεῖν
1328 1665 1456 1726 οὔθ’δτκν
1472 1665 1532 1724 κίν-

964 1771 1040 1841 δυνός
1052 1793 1091 1839 τις
1106 1771 1187 1849 ἐγγδς
1199 1768 1227 1852 ᾖ,
1245 1771 1332 1830 δεινδν
1348 1769 1431 1829 εἰπεῖν
1444 1776 1532 1849 φανῆ-

964 1896 1016 1954 ναι,
1026 1874 1092 1933 ἀλλ’
1101 1875 1189 1934 ἐκεῖνο
1197 1873 1243 1934 καί
1254 1897 1275 1951 χ
1277 1875 1380 1934 αλεπδν
1389 1873 1436 1933 καί
1446 1896 1532 1954 προσ-

964 1977 1532 2057 ῆκον,ἐπίμέντῶνκινδθνωνπὴνάνδρείαν

937 2090 939 2164 γ
966 2082 1157 2163 ἐνδείκνυσθαι,
1181 2083 1210 2141 ἐν
1231 2082 1261 2141 δὲ
1281 2082 1319 2160 τῷ
1340 2083 1531 2157 συμβουλεύειν

965 2183 1150 2267 φρονιμώτερα
1166 2193 1219 2247 τῶν
1234 2187 1329 2247 ἀλλων
1346 2186 1430 2246 εἰπεῖν
1448 2189 1531 2267 ἔχειν,

966 2294 1038 2352 ibid.
1055 2292 1070 2370 §
1088 2299 1126 2352 14
1149 2292 1205 2370 ἐγὼ
1225 2292 1311 2351 τοίνυν
1330 2340 1335 2352 .
1355 2340 1361 2352 ,
1378 2293 1463 2370 λόγον
1482 2291 1531 2365 μὲν

966 2395 1053 2455 οθδέν’
1069 2395 1224 2471 ἐθουλέμην
1240 2397 1336 2475 θρασὺν
1355 2444 1360 2456 .
1380 2443 1386 2456 .
1404 2397 1499 2474 εὑρεῖν.

343 2540 376 2578 ac
396 2521 521 2597 pessime
537 2521 593 2578 eibi
610 2517 698 2596 porro
714 2522 878 2590 consulunt,
900 2520 925 2577 si
942 2520 993 2596 qui
1010 2520 1150 2578 solacium
1166 2526 1254 2596 atque
1271 2520 1476 2579 confidentiam
1495 2541 1532 2578 cx

343 2625 473 2682 hostium
489 2625 693 2684 imbecillitate
709 2631 739 2683 et
755 2625 883 2683 miseriis
900 2631 1059 2702 quaerunt:

408 2766 452 2822 pr.
467 2750 516 2816 32,
530 2766 542 2804 υ
554 2741 661 2802 ουδ’ἐπί
672 2739 711 2820 τῷ
723 2743 783 2814 τοὺς
796 2743 910 2823 ἐχθροὺς

344 2849 383 2923 μὴ
404 2848 562 2922 δυνήσεσθαι
585 2848 703 2928 θαρρεῖν,
729 2845 795 2907 ἀλλ’
809 2845 853 2907 ἐπὶ
872 2849 910 2928 τῲ

342 2955 393 3011 κάν
410 2950 538 3011 δύνωνται
553 2958 685 3032 κρατῆσαι
705 2949 757 3035 (sc.
774 2954 819 3012 τδν
836 2953 910 3027 μέλ-

342 3057 426 3116 λοντα
441 3053 553 3137 πράξειν
568 3057 601 3114 τά
617 3055 712 3116 δέοντα
729 3052 794 3139 δεῖ).

1029 2747 1118 2802 Isocr.
1137 2764 1177 2802 or.
1196 2750 1224 2815 8,
1246 2765 1272 2803 σο
1291 2743 1346 2822 χρὴ
1363 2741 1394 2800 δὲ
1408 2741 1470 2813 τοὺς
1485 2739 1532 2800 καί

964 2846 1047 2925 μικρὰ
1069 2847 1227 2923 λογίζεσθαι
1251 2847 1414 2922 δυναμένους
1436 2847 1484 2906 σὐκ
1504 2846 1532 2905 ἐν

963 2953 1018 3022 τοῖς
1030 2956 1083 3008 τῶν
1095 2951 1200 3030 ἐχθρῶν
1210 2952 1385 3030 ἁμαρτήμασι
1393 2950 1441 3022 τὰς
1450 2949 1532 3009 ἐλπί-

964 3054 1013 3126 δας
1035 3059 1108 3132 έχειν
1124 3061 1173 3130 τῆς
1189 3053 1330 3133 σωτηρίας,
1351 3056 1417 3115 ἀλλ’
1433 3056 1460 3114 ἐν
1476 3058 1532 3127 τοῖς

964 3159 1049 3218 αὑτῶν
1070 3162 1211 3239 προίγμασι
1230 3158 1277 3219 καὶ
1292 3162 1351 3231 ταῖς
1368 3157 1453 3219 αὐτῶν
1470 3159 1531 3218 δια-

963 3264 1056 3335 νοίαις.
1071 3287 1129 3344 qua
1137 3267 1284 3325 sententia
1294 3273 1363 3324 onte
1371 3270 1531 3326 Isocratem

963 3371 1152 3448 Thucydides
1172 3392 1240 3428 usus
1261 3378 1325 3428 crat
1344 3374 1369 3441 Ι,
1395 3376 1444 3442 84,
1467 3391 1480 3428 4
1500 3372 1530 3428 in

963 3494 1004 3532 or.
1015 3475 1204 3532 Archidami:
1218 3473 1266 3531 ουκ
1280 3470 1309 3544 ἐξ
1322 3473 1433 3530 ἐκείνων
1447 3469 1491 3556 (h.
1503 3495 1529 3532 c.

962 3582 1014 3635 τῶν
1050 3574 1192 3658 ἐναντίων)
1229 3578 1267 3648 ῶς
1300 3577 1530 3655 ἁμαρτησομένων

963 3682 1037 3758 ἔχειν
1054 3682 1095 3741 δεῖ
1109 3682 1157 3752 τὰς
1175 3681 1301 3760 ἐλπίδας,
1319 3680 1402 3741 ἀλλ’.
1421 3728 1428 3740 .

445 3806 530 3862 Nunc
550 3805 646 3862 dicam
667 3806 703 3862 de
719 3805 917 3864 similitudine
937 3807 1066 3863 locorum
1082 3807 1275 3886 quorundam,
1297 3806 1404 3884 quibus
1420 3806 1529 3863 delibe-

343 3909 427 3966 randi
451 3914 606 3986 praecepte
628 3911 796 3967 traduntur.
835 3910 918 3968 cuius
941 3911 1058 3984 generis
1081 3913 1156 3968 locos
1180 3911 1210 3968 in
1234 3911 1392 3986 prooemiis
1415 3910 1529 3969 ratione

343 4015 467 4091 quadem
483 4014 639 4090 dispositos
655 4034 717 4071 esse
734 4016 873 4072 docebam
887 4037 916 4091 p.

407 4155 450 4211 pr.
478 4140 526 4207 18,
551 4154 563 4192 3
585 4133 602 4206 ἡ
627 4131 677 4208 μὲν
701 4129 745 4191 οὖν
769 4133 841 4211 ἀρχὴ
864 4137 910 4192 τοῦ
934 4131 937 4215 ί

342 4239 452 4297 σκοπεῖν
473 4236 560 4316 ὀρθῶς
584 4237 638 4296 ἐστι
659 4238 696 4311 μὴ
714 4236 909 4311 βεβουλεῦσθαι

340 4339 400 4420 πρὶν
416 4337 447 4413 ἐξ
462 4335 499 4398 ῶν
515 4340 557 4400 δεῖ
573 4339 769 4414 βουλεύσασθαι
786 4343 908 4420 ἀκοῦσαι,

341 4469 385 4525 pr.
404 4451 431 4518 5,
449 4467 461 4505 3
476 4448 546 4506 vide
561 4469 588 4523 p.
612 4453 657 4505 18.

936 4021 973 4072 18
991 4036 1054 4093 sqq.

1027 4139 1117 4194 Isocr.
1147 4157 1188 4194 or.
1215 4143 1243 4207 8,
1270 4156 1297 4194 40
1323 4134 1529 4212 καταγέλαστόν

963 4239 1018 4297 ἐστι
1039 4239 1088 4310 τὰς
1113 4240 1163 4314 μέν
1186 4240 1294 4310 καύσεις
1310 4236 1356 4298 καί
1376 4235 1425 4310 τάς
1443 4238 1529 4314 τομάς

960 4348 1014 4401 τῶν
1036 4342 1132 4423 ἰατρῶν
1154 4345 1305 4422 ὑπομένειν,
1329 4344 1373 4402 ἵνα
1394 4343 1528 4402 πλειόνων

963 4446 1125 4525 ἀλγηδόνων
1156 4447 1377 4527 ἀπαλλαγῶμεν,
1409 4447 1468 4519 τοὺς
1498 4446 1528 4506 δὲ

445 4687 468 4753 ⁸)
488 4686 526 4736 Of.
546 4687 626 4736 etiam
646 4703 683 4752 pr.
703 4689 744 4751 50,
765 4704 774 4735 1
794 4684 884 4750 δεηθείς
904 4683 972 4754 ὑμῶν
991 4675 1113 4749 τοσοῦτον,
1134 4688 1192 4754 μήτε
1210 4687 1266 4746 τοίις
1285 4686 1368 4746 ἐξιέναι
1387 4688 1526 4747 κελεύοντας

342 4771 404 4841 ὑμᾶς
423 4768 463 4822 διά
480 4775 551 4823 τοῦτο
570 4772 673 4840 νομίζειν
692 4771 854 4842 ἀνδρείους..
