3530 5536
699 469 913 524 -53-

204 663 311 716 movet
327 657 592 732 interpretamenti.
610 658 715 734 quade
728 675 814 714 eausa
825 677 883 714 non
895 658 1046 716 adsentior
1055 658 1166 715 Blassio
1179 657 1228 715 ὑπὸ
1240 657 1339 716 τούτων
1352 679 1402 716 ex-

202 762 364 836 pungenti.
381 762 486 818 meiius
502 762 581 820 enim
597 763 680 819 adest
696 781 782 839 quam
798 764 893 833 abest,
910 767 999 840 atque
1011 763 1138 821 iteratur
1149 764 1235 839 paulo
1247 763 1326 821 infra
1337 761 1403 840 ὑπὲρ

203 856 246 920 ὧν
261 860 399 934 πολλάκις
411 860 547 942 εἰρήκασιν
560 856 632 922 οὗτοι
643 864 782 943 πρότερον.
800 867 851 924 sed
863 868 918 924 hoe
931 867 1052 944 quidem
1064 867 1185 925 levioris
1197 873 1242 925 est
1250 869 1401 926 momenti.

203 989 243 1026 ea
261 990 331 1029 vero
348 991 422 1048 quae
438 976 600 1047 sequuntur
615 972 651 1027 ad
673 970 702 1026 id
724 971 802 1047 quod
818 970 933 1044 agimus
952 990 1057 1045 magno
1074 990 1162 1047 opere
1177 972 1299 1030 faciunt.
1319 977 1401 1030 tene·

203 1095 275 1131 mus
295 1075 337 1133 ibi
357 1075 491 1132 fraudem
512 1075 669 1150 sophistae,
691 1075 742 1152 qui
763 1075 869 1131 summi
890 1075 1013 1132 oratoris
1027 1077 1118 1136 verba
1132 1077 1324 1135 vehementer
1339 1096 1401 1134 eor-

202 1179 300 1255 rupit,
321 1180 486 1237 manifestis
506 1179 625 1237 indioiis
643 1180 865 1255 deprehensam.
897 1180 1008 1238 etenim
1024 1186 1121 1238 orator
1136 1183 1295 1239 excusandi
1312 1184 1402 1242 verba

203 1285 336 1361 quaerit,
360 1285 437 1361 quod
458 1285 488 1341 in
509 1289 588 1342 oerta
604 1285 730 1361 quadam
746 1284 882 1342 contione
904 1285 1017 1360 primus
1033 1286 1206 1344 surrexerit.
1230 1305 1287 1342 non
1303 1292 1401 1344 autem

204 1391 247 1446 de
259 1408 335 1449 novo
347 1389 446 1465 aliquo
458 1389 575 1462 negotio
588 1409 653 1445 eam
665 1388 832 1446 oontionem
843 1389 987 1446 indictam
999 1409 1071 1462 esse,
1085 1391 1135 1446 sed
1149 1390 1254 1467 quibus
1267 1391 1303 1448 de
1315 1392 1401 1448 rebus

205 1489 235 1549 οἱ
257 1488 382 1560 εἰωθότες
400 1492 513 1567 γνώμην
533 1489 724 1568 ἀποφαίνεσθαι
745 1513 830 1568 saepe
846 1499 914 1551 ante
931 1494 1072 1564 dixerint,
1098 1495 1134 1551 de
1150 1495 1193 1551 eis
1213 1494 1272 1551 iam
1290 1494 1400 1552 delibe-

204 1599 333 1654 randum
345 1596 477 1672 exponit.
491 1616 577 1674 quam
590 1599 699 1654 obrem
712 1617 742 1654 se
755 1598 819 1654 iure
827 1598 946 1657 veniam
958 1598 1185 1673 impetraturum
1197 1618 1260 1656 esse
1269 1598 1399 1669 confidit,

205 1703 326 1760 etiamsi
342 1701 454 1778 primus
466 1701 642 1759 surrexerit:
660 1698 755 1774 ἐπειδὴ
772 1698 806 1777 δ’,
822 1699 887 1778 ὑπὲρ
900 1693 937 1757 ὧν
950 1700 1088 1770 πολλάκις
1101 1697 1238 1779 εἰρήκασιν
1254 1693 1327 1760 οὗτοι
1337 1702 1400 1780 πρά-

205 1823 296 1884 τερον,
321 1801 526 1878 συμβαίνεικαὶ
546 1801 602 1861 νυνί
623 1806 743 1876 σκοπεῖν,
766 1805 886 1879 ἡγοῦμαι
906 1802 953 1862 καί
972 1809 1078 1884 πρῶτος
1099 1804 1219 1876 ἀναστὰς
1240 1802 1352 1876 εἰκάτως
1368 1804 1400 1863 διν

205 1910 374 1987 συγγνώμης
388 1910 541 1986 τυγχάνειν.
571 1911 734 1968 rectissimo
750 1910 843 1985 igitur
858 1913 931 1968 haee
947 1911 1026 1968 dieta
1042 1916 1118 1969 sunt.
1132 1911 1230 1987 pergit
1246 1911 1353 1969 deinde
1369 1931 1400 1968 o-

205 2021 288 2073 rator
306 2018 410 2074 acerbo
431 2035 497 2073 eum
516 2015 649 2074 eonvioio
671 2010 694 2071 εἰ
714 2011 767 2092 γάρ
788 2013 821 2071 ἐκ
840 2017 885 2071 τοῦ
905 2013 1129 2092 παρεληλυθότος
1147 2013 1245 2093 χράνου
1262 2013 1295 2071 τὰ
1311 2011 1399 2072 δέονθ’

207 2112 280 2178 οὗτοι
295 2118 517 2196 συνεβοθλευσαν,
531 2116 608 2176 οὐδὲν
625 2121 657 2175 ἂν
672 2119 742 2192 ὑμᾶς
757 2121 801 2176 νῦν
819 2116 875 2176 ἔδει
891 2118 1078 2193 βουλεύεσθαι.
1095 2121 1168 2178 haeo
1183 2121 1276 2195 igitur
1291 2122 1399 2178 Demo-

207 2228 335 2283 sthenes.
359 2224 430 2302 quid
443 2244 514 2283 vero
526 2225 635 2298 legitur
646 2224 678 2280 in
691 2223 857 2300 prooemio?
875 2221 969 2296 ἐπειδὴ
983 2222 1017 2301 δ’,
1033 2221 1098 2301 ὑπὲρ
1114 2215 1151 2280 ὧν
1166 2220 1305 2291 πολλάκις
1321 2220 1399 2300 εἰρή-

207 2347 286 2386 κασιν
302 2320 374 2386 οὗτοι
389 2327 527 2406 πρότερον,
548 2323 609 2404 περὶ
624 2326 723 2383 τούτων
740 2323 793 2383 νυνὶ
809 2320 954 2404 artemiae,=
964 2327 1085 2405 ἡγοῦμαι
1099 2324 1146 2385 καὶ
1160 2331 1267 2406 πρῶτος
1283 2325 1400 2396 ἀναστὰς

208 2430 320 2501 εἰκότως
341 2434 373 2488 ἂν
394 2430 462 2506 μετὰ
482 2430 589 2500 τούτους
606 2429 696 2488 δοκεῖν
717 2430 820 2506 λέγειν.
846 2435 918 2491 haee
934 2438 1079 2490 oratorem
1095 2433 1216 2503 dixisse,
1241 2451 1297 2510 quo
1313 2451 1399 2489 nemo

208 2538 312 2597 extitit
324 2537 459 2596 callidior
472 2532 546 2618 (Cio.
556 2556 597 2594 or.
611 2542 637 2608 7,
647 2531 686 2616 aa)
698 2556 795 2614 neque
804 2537 961 2614 quiequam
969 2537 1174 2595 fuiturbanius
1185 2531 1272 2618 (ibid.
1284 2540 1334 2607 26,
1343 2531 1397 2616 ao):

209 2642 358 2720 ‘quoniam
373 2642 479 2718 quibus
495 2643 532 2699 de
547 2643 633 2698 rebus
647 2641 698 2698 isti
715 2661 801 2717 saepe
813 2646 899 2698 antea
915 2642 1067 2716 dixerunt,
1084 2643 1121 2698 de
1135 2641 1183 2698 his
1199 2660 1275 2698 nune
1287 2640 1398 2698 delibe-

206 2747 289 2817 ratis,
312 2756 382 2822 puto
399 2766 454 2816 me,
477 2745 593 2803 etiamsi
609 2745 720 2821 primus
737 2745 927 2816 surrexerim,
948 2745 1013 2803 iure
1033 2751 1132 2803 tamen
1148 2751 1214 2821 post
1228 2746 1294 2802 illos
1308 2746 1398 2804 verba

206 2853 305 2912 faeere
324 2839 445 2909 rideri'
475 2855 617 2926 quantum
638 2850 768 2924 sophista
789 2870 858 2906 sana
878 2850 1001 2907 oratoris
1016 2852 1108 2908 verba
1123 2849 1314 2909 deformavit!
1339 2867 1397 2905 non

207 2955 333 3030 putavit,
354 2959 388 3012 ut
403 2959 535 3030 repetam
551 2955 627 3030 quod
644 2955 729 3010 modo
746 2954 821 3024 dixi,
838 2955 1053 3010 Demosthenes
1069 2954 1133 3011 iure
1150 2975 1189 3025 se,
1207 2953 1322 3012 etiamsi
1337 2953 1397 3029 pri-

208 3079 272 3117 mus
287 3059 472 3128 surrexisset,
489 3063 554 3134 post
569 3058 644 3128 iilos,
662 3058 712 3135 qui
729 3058 841 3134 priores
857 3060 894 3114 de
909 3059 1013 3115 eadem
1028 3079 1059 3116 re
1072 3059 1219 3129 dixerant,
1236 3061 1327 3118 verba
1337 3059 1398 3116 fae-

206 3171 307 3222 turum
322 3184 395 3234 esse,
412 3164 489 3241 quod
503 3183 618 3239 prorsus
631 3163 773 3220 insulsum
781 3143 838 3234 'est,
856 3164 907 3220 sed
918 3163 1037 3221 veniam
1049 3184 1080 3222 se
1091 3164 1318 3240 impetraturum
1330 3182 1397 3220 oon-

207 3269 278 3326 fisus
293 3273 338 3325 est
352 3268 402 3326 vel
417 3267 442 3324 si
458 3268 569 3343 primus
584 3267 616 3323 in
632 3267 768 3325 contione
784 3268 911 3344 quadam
926 3273 1006 3325 certa
1022 3267 1207 3338 surrexisset,
1225 3267 1335 3345 quippe
1345 3265 1397 3343 qui

207 3391 265 3429 non
282 3373 318 3428 de
329 3390 405 3431 novo
416 3371 534 3445 negotio
546 3372 596 3428 sed
609 3372 646 3428 de
657 3391 690 3428 re
702 3373 848 3428 celebrata
859 3373 949 3431 verba
960 3372 1090 3428 facturus
1103 3377 1188 3428 esset.
1204 3370 1397 3444 frigidissime

208 3476 335 3553 denique
351 3475 471 3532 additur
486 3475 518 3531 in
533 3475 681 3550 prooemio
698 3469 721 3530 εἰ
738 3471 788 3546 μὲν
805 3468 849 3530 οὖν
866 3466 926 3549 εἶχε
941 3472 1037 3542 καλῶς
1051 3472 1086 3530 τὰ
1099 3474 1257 3551 πράγματα,
1274 3469 1351 3530 οῦδὲν
1365 3473 1396 3529 άν

209 3578 266 3637 ἔδει
280 3577 482 3652 συμβουλεύειν.
507 3599 577 3636 num
593 3585 626 3636 tu
643 3599 819 3657 quemquam
835 3581 997 3655 perfeetum
1012 3584 1157 3636 oratorem
1173 3579 1216 3636 ita
1230 3579 1311 3656 loqui
1328 3598 1395 3637 oen·

208 3684 285 3743 seas?
308 3687 398 3743 immo
414 3685 568 3761 sophistici
585 3685 657 3742 talia
668 3684 812 3743 acuminis
828 3705 891 3742 esse
906 3689 1037 3761 apparot.
1054 3689 1205 3760 praeterea
1221 3684 1282 3741 noli
1297 3685 1395 3758 negle-

207 3811 276 3865 gere
292 3790 469 3848 divisionem
488 3790 520 3846 in
536 3809 577 3847 or.
594 3791 671 3847 IIII.
688 3790 796 3848 saetam
811 3787 917 3866 πρῶτον
934 3785 983 3861 μὲν
1000 3782 1044 3845 οὖν
1062 3833 1069 3847 .
1087 3832 1094 3847 .
1112 3787 1205 3844 ἔπειτα
1222 3831 1228 3845 .
1247 3831 1253 3845 .
1270 3788 1395 3846 retineri

209 3899 298 3972 atque
314 3895 480 3953 eontinuari
495 3894 527 3950 in
542 3895 701 3970 prooemio.

271 4019 315 4074 pr.
339 4005 365 4068 1,
390 4019 402 4055 a
425 3997 505 4074 δρᾶτε
527 3996 639 4075 γὰρὼς
660 3995 775 4058 ἐκτῶν
799 4008 802 4076 1,
892 3994 1397 4077 οἰκΙΙΙθθράτεγὰρὼςέκσοῦπρθς

207 4100 358 4163 τοιούτων
380 4095 520 4162 ἐλπίδων
538 4095 593 4162 καὶ
612 4097 712 4181 λόγων
735 4098 774 4169 εἰς
826 4101 917 4181 χάριν
944 4097 1131 4183 δημηγορεῖν
1156 4092 1257 4174 ἐνίους
1283 4096 1322 4169 εἰς
1343 4103 1396 4157 πᾶν

206 4211 259 4264 πάν
267 4206 439 4286 προελήλυθε
447 4204 598 4283 μοχθηρίας
605 4204 773 4284 τὰποιράντα,
827 4202 1002 4283 προελήλυθε
1023 4200 1174 4282 μοχθηρίας
1189 4200 1222 4260 τά
1237 4203 1395 4284 παρόντα.“)

310 4314 407 4370 Verba
419 4312 560 4388 prooemii
573 4312 609 4368 ad
623 4331 664 4368 or.
677 4312 737 4368 ΙΙΙ,
751 4312 919 4386 exemplum
931 4330 1069 4385 expressa
1077 4309 1227 4368 videntur.
1242 4309 1318 4386 quod
1335 4305 1402 4366 illio¹

207 4417 323 4492 proprie
340 4416 537 4490 significatum
553 4420 598 4472 est
612 4413 642 4470 τὸ
657 4413 724 4491 πρδς
739 4414 819 4490 χάριν
835 4411 1002 4488 δημηγορεῖν
1019 4409 1114 4490 ἐνίους,
1136 4413 1167 4470 in
1182 4412 1331 4488 prooemio
1347 4432 1396 4486 ge·
1464 4464 1466 4468 .

207 4521 334 4578 neratim
349 4526 438 4597 atque
454 4520 592 4577 universe
609 4519 718 4576 dieitur
733 4520 833 4578 verbis
850 4516 876 4574 αἱ
893 4521 1012 4575 τοιαῦται
1028 4514 1141 4586 ἐλπίδες
1156 4511 1203 4572 καί
1218 4513 1308 4591 λόγοι.

310 4731 331 4796 fl)
349 4728 455 4798 παρόντα
472 4727 603 4797 πράγματα
621 4731 709 4796 vulg.;
729 4747 788 4780 eum
808 4728 827 4779 Σ
846 4731 912 4779 faoit
930 4729 955 4780 B.
