3530 5536
725 472 938 526 ...Π-.-

227 661 440 736 praesentibus
455 661 541 720 rebus
557 661 588 719 id
605 662 713 732 dicere,
736 663 813 740 quod
830 662 955 738 quisque
971 660 1115 736 optimum
1131 680 1193 718 esse
1213 665 1306 737 putet.
1337 661 1427 718 habes

227 766 316 824 enim
335 771 383 837 20,
401 785 412 822 1
428 767 514 824 haec:
535 762 592 822 Καὶ
608 761 722 842 δίκαιον,
740 760 762 822 ὧ
778 764 805 824 οῖ’.
823 763 874 840 Ἀ,
890 761 936 822 καὶ
953 763 1085 842 συμφέρον
1102 762 1162 837 ὑμῖν
1177 762 1296 839 ἡγοῦμαι
1311 761 1360 834 τὰς
1376 762 1426 836 μὲν

230 864 325 938 αἰτίας
337 865 382 926 καὶ
394 867 443 939 τὰς
454 866 630 946 κατηγορίας,
644 868 706 926 ὅταν
720 867 896 942 βουλεύεσθαι
909 866 969 948 δέῃ,
982 866 1171 946 παραλείπειν,
1184 863 1245 946 περὶ
1257 871 1309 924 τῶν
1321 869 1425 946 παρόν-

227 991 290 1030 των
303 971 333 1030 δὲ
345 971 439 1050 λέγειν
456 973 506 1031 ὅτι
522 971 663 1045 βέλτιστον
679 973 794 1041 ἕκαστος
809 972 924 1049 ήγεῖται,
950 973 989 1030 ὅτι
1006 970 1055 1046 μὲν
1071 973 1124 1050 γάρ
1139 990 1216 1030 τινων
1237 967 1326 1029 αἰτίων
1343 969 1425 1028 ’σ’ντων

227 1083 331 1147 κακῶς
341 1075 375 1135 τὰ
387 1075 524 1156 πράγματ’
535 1076 604 1153 ἔχει,
620 1077 721 1146 πάντες
735 1075 916 1149 ἐπιστάμεθα·
934 1071 964 1146 ἐξ
977 1076 1038 1133 ὅτου
1054 1075 1085 1135 δὲ
1101 1075 1198 1155 τραπον
1213 1071 1313 1148 βελτίω
1327 1073 1424 1133 δύναιτ’

229 1183 269 1238 ἂν
278 1182 413 1260 γενέσθαι,
422 1184 499 1240 τοῦτο
507 1185 552 1240 τοῦ
562 1179 795 1256 συμβουλεύοντος
805 1180 885 1259 ἔργον
893 1176 987 1239 εἰπεῖν.
1005 1184 1043 1240 cf.
1053 1183 1144 1240 etiam
1152 1202 1195 1258 pr.
1205 1183 1252 1239 XI
1266 1175 1308 1262 (v.
1319 1202 1347 1256 p.
1360 1174 1424 1262 16).

229 1287 267 1344 in
285 1287 410 1345 similem
427 1294 526 1345 autem
543 1288 719 1345 sententiam
736 1287 899 1345 dictasunt
920 1306 995 1364 quae
1015 1289 1155 1362 leguntur
1168 1288 1254 1344 Dem.
1271 1305 1312 1343 or.
1332 1289 1380 1356 15,
1402 1304 1426 1342 or

230 1384 315 1448 ἀλλὰ
334 1389 387 1467 γὰρ
404 1390 453 1466 σὐχ
469 1391 482 1447 θ
499 1411 523 1447 τι
538 1410 578 1460 τις
597 1392 781 1469 κατηγορήσει
800 1389 898 1447 τούτων
919 1391 936 1463 ἢ
957 1391 1012 1458 τοῖς
1032 1383 1215 1468 ἀλλοις,.ῖνμῖν
1227 1383 1248 1470 1)
1271 1385 1424 1466 ἐπιπλήξει,

230 1493 360 1570 χαλεπὸν
381 1494 476 1574 εὑρεῖν,
495 1493 561 1553 ἀλλ’
571 1492 723 1571 ἀρ’ἑπσίων
739 1493 832 1570 λέγων
848 1496 865 1566 ή
881 1489 1008 1573 πράξεως
1023 1493 1103 1564 ποίας
1111 1490 1136 1574 ¹²)
1154 1491 1372 1572 ἐπανορθώσεταί
1386 1513 1426 1562 τις

232 1601 317 1657 divit
337 1598 385 1657 ουκ
404 1599 491 1676 ὀρθῶς
512 1599 580 1675 ἔχει,
601 1599 672 1657 τοῦτ’
686 1598 764 1676 ἔργον
786 1597 881 1676 εὑρεῖν.
913 1599 1027 1657 accedit
1047 1601 1123 1656 altor
1142 1601 1222 1656 locus
1243 1619 1284 1656 or.
1305 1605 1331 1669 1,
1353 1618 1377 1656 ιιι
1396 1597 1426 1654 τ“ο

234 1703 289 1777 μὲν
308 1700 354 1762 οὖν
374 1703 497 1776 ἐπιτιμᾶν
517 1700 583 1772 ἴσως
603 1703 685 1780 φήσαι
705 1723 744 1773 τις
765 1704 797 1759 ἂν
818 1698 910 1781 ῥᾴδιον
930 1698 976 1759 καὶ
996 1701 1096 1772 παντὸς
1112 1695 1190 1779 εἶναι,
1210 1701 1241 1758 το
1258 1700 1282 1760 θ’
1291 1701 1357 1780 ὑπὲρ
1373 1706 1425 1759 τῶν

232 1809 374 1886 παρόντων
395 1809 409 1866 ὅ
429 1828 454 1866 τι
474 1807 516 1866 δεῖ
535 1809 659 1886 πράττειν
680 1803 882 1885 ἀποφαίνεσθαι,
905 1805 975 1864 τοῦτ’
989 1800 1057 1864 εἶναι
1078 1804 1241 1880 συμβούλου,
1273 1813 1426 1884 praeterea
1462 1807 1465 1814 '

234 1914 333 1971 similo
348 1914 461 1991 aliquid
478 1914 620 1988 cogitasse
633 1915 752 1972 videtur
764 1914 987 1982 Demosthenes,
1005 1923 1070 1970 oum
1083 1912 1163 1969 dixit
1178 1932 1219 1970 or.
1235 1916 1262 1982 3,
1280 1932 1305 1970 rs
1319 1907 1366 1968 καὶ
1381 1912 1426 1968 νῦν

235 2017 266 2075 σὺ
278 2016 357 2094 λέγει
369 2035 408 2087 τις
418 2015 453 2074 τὰ
464 2015 608 2094 βέλτιστα,
621 2015 739 2086 ἀναστὰς
751 2014 840 2086 ἄλλος
853 2011 964 2092 εἰπάτω,
980 2013 1121 2090 μήτοῦτσν
1135 2011 1301 2096 attractae)
1315 2022 1425 2094 quanto

235 2141 324 2198 opere
343 2123 559 2198 prooemiorum
575 2122 701 2197 scriptor
716 2122 779 2197 ipse
796 2121 872 2180 vitet
888 2121 1083 2197 suspicionem
1100 2121 1270 2192 incusantis,
1292 2121 1329 2179 de
1344 2141 1379 2178 ea
1393 2141 1425 2178 re

234 2225 305 2285 vide
321 2247 396 2303 quae
412 2227 543 2284 diximus
558 2248 586 2302 p.
606 2231 669 2283 13e
686 2231 716 2284 et
732 2227 832 2284 confer
847 2227 932 2284 Dom.
950 2245 992 2284 or.
1005 2230 1060 2296 ⁴19,
1082 2245 1119 2284 ιον
1141 2222 1197 2301 ἐγὼ
1213 2223 1263 2298 μὲν
1278 2222 1332 2304 γὰρ
1348 2221 1425 2282 οὐδέν

234 2349 278 2387 πω
294 2327 372 2407 λέγοι
388 2326 449 2408 περὶ
465 2328 574 2400 οθδενθς
589 2328 645 2389 οὐδ’
655 2326 781 2403 αἰτιῶμαι
799 2375 804 2386 .
823 2373 841 2405 .,
864 2322 972 2411 [Dom.]
990 2350 1032 2388 or.
1052 2335 1100 2400 10,
1117 2349 1143 2387 cs
1164 2328 1208 2398 σθς
1224 2325 1278 2386 οὔτ’
1287 2330 1319 2386 ἂν
1335 2325 1425 2388 αἰτια-

236 2431 334 2506 σαίμην
356 2433 440 2510 ἔγωγ’
451 2431 503 2492 οὔτ’
513 2430 590 2514 ἀξιῶ,
612 2429 668 2516 [ep.
687 2428 727 2517 31,
750 2455 774 2493 1s
795 2433 845 2509 οὺχ
866 2433 904 2502 ὡς
925 2432 1053 2506 ἐπιτιμῶν
1075 2429 1203 2491 δὲταῦτα
1222 2429 1422 2512 παρήνεγκαῖ)

339 2540 411 2598 Erat
426 2540 554 2616 deniquo
569 2541 643 2598 haee
656 2541 840 2616 quorundam
853 2539 1042 2608 consuetudo,
1060 2544 1094 2595 ut
1109 2538 1205 2613 prima
1218 2559 1332 2616 quaque
1344 2559 1424 2598 occa·

235 2643 317 2700 sione
329 2645 435 2713 oblata,
453 2644 503 2702 ubi
516 2645 644 2720 primum
656 2643 774 2701 dicendi
787 2643 911 2701 facultas
924 2643 967 2700 eis
980 2643 1049 2700 data
1060 2647 1113 2712 est,
1127 2643 1425 2702 Lacedaemoniorum
1486 2679 1489 2686 ·

233 2748 373 2806 instituta
388 2749 529 2810 laudibus
554 2749 703 2818 efferrent,
727 2747 959 2805 Atheniensium
979 2746 1233 2822 reprehenderent
1255 2766 1288 2805 ac
1307 2747 1425 2824 vitupe-

233 2858 343 2912 rarent.
375 2872 433 2930 qus
453 2855 490 2911 de
510 2873 595 2911 causa
614 2872 673 2910 non
693 2853 828 2928 ineptum
849 2857 913 2909 erat
936 2851 1006 2908 istos
1025 2852 1062 2908 ad
1081 2850 1242 2927 Spartiates
1264 2853 1424 2910 laudandos

235 2957 323 3015 nimis
339 2963 454 3033 paratos
471 2958 588 3034 oblique
604 2957 803 3034 perstringere
819 2961 907 3034 atque
924 2956 1070 3026 deridere,
1087 2957 1164 3032 quod
1180 2956 1291 3013 factum
1307 2963 1364 3014 est:

300 3081 344 3137 pr.
359 3065 408 3131 35,
426 3081 438 3119 3
453 3057 478 3117 τί
489 3058 523 3133 δὴ
536 3055 619 3118 τᾶλλ’
630 3059 801 3129 ἐπαινοῦντες
826 3055 828 3139 l
918 3061 1004 3117 Dom.
1022 3079 1063 3116 or.
1078 3065 1127 3130 20,
1146 3079 1183 3118 1oe
1200 3056 1262 3116 αὐτθ
1278 3057 1332 3137 γὰρ
1347 3062 1423 3118 τοῦτο

236 3162 479 3245 Λακεδαιμονίους,
501 3164 515 3221 θ
536 3163 644 3238 μάλιστ’
655 3159 729 3244 ἄξιον
747 3162 801 3222 ἐστι
853 3167 968 3243 πρῶτον,
985 3162 999 3220 θ
1014 3165 1059 3221 νῦν
1071 3155 1142 3222 οὗτοι
1153 3164 1306 3238 ποιήσουσιν
1320 3210 1326 3223 .
1342 3209 1358 3242 .,
1376 3165 1424 3223 σὐκ

235 3271 287 3325 τῶν
313 3267 377 3345 παρ’
395 3266 508 3338 ἐκείνοις
531 3267 658 3344 ἄγασθαι,
685 3267 754 3326 τοῦτ’
771 3268 801 3326 συ
856 3264 943 3339 ἔξεστι
962 3270 1047 3326 ποιεῖν
1071 3265 1146 3346 παρὰ
1167 3269 1223 3338 τοῖς
1244 3267 1422 3342 Λακεδαιμο-

236 3375 375 3445 μιμοῖνται
392 3418 398 3430 ,
417 3419 423 3432 .
527 3449 529 3453 ,
854 3369 928 3447 νίσις,
950 3370 983 3429 τὰ
1002 3376 1055 3428 τῶν
1072 3369 1220 3446 Ἀθηναίων
1241 3370 1359 3430 ἐπαινεῖν
1374 3373 1422 3431 νὸ-

855 3494 925 3548 μιμα
944 3474 1007 3535 σὐδὲ
1028 3473 1062 3532 τὰ
1081 3479 1133 3533 τῶν
1155 3473 1249 3534 δείνων
1266 3521 1273 3534 .
1291 3521 1310 3554 .,
1330 3480 1421 3536 Isoor.

856 3601 897 3639 or.
913 3586 940 3652 8,
958 3600 983 3640 ea
999 3581 1028 3638 οὺ
1040 3577 1094 3658 γὰρ
1107 3580 1187 3654 μόνον
1200 3580 1273 3655 ἡμᾶς
1287 3579 1363 3639 ἀλλὰ
1378 3577 1424 3638 καὶ

854 3683 902 3758 τήν
918 3682 1145 3758 Λακεδαιμονίων
1165 3682 1244 3742 πόλιν
1266 3683 1422 3764 διέφθειρεν,

855 3787 925 3846 ὥστε
955 3790 1011 3858 τοῖς
1042 3783 1202 3862 εἰθισμένοις
1230 3787 1348 3847 ἐπαινεῖν
1374 3787 1423 3860 τὰς

827 3943 828 3958 ,
856 3891 967 3950 ἐκείνων
979 3891 1078 3971 ἀρετὰς
1091 3892 1142 3969 σ”υχ
1154 3883 1210 3951 οἷον
1222 3894 1245 3952 τ’
1256 3891 1326 3952 ἐστὶν
1338 3891 1422 3953 εἰπεῖν

235 3995 438 4002 ——a

338 4133 358 4200 ¹)
376 4131 395 4182 Σ
413 4133 484 4182 solus
507 4132 588 4181 habet
611 4128 686 4198 ὑμῶν,
710 4133 781 4198 quod
804 4133 837 4181 ab
860 4132 989 4182 hocloco
1009 4132 1127 4182 alienum
1147 4139 1195 4182 est.
1231 4119 1351 4183 ceterum
1371 4133 1421 4190 τοῖς

233 4217 333 4277 πολλοῖς
346 4217 402 4287 ὑμῖν
415 4220 581 4268 scribendum
597 4233 654 4268 esse
667 4221 816 4283 suspicatur
829 4219 908 4282 Weil,
928 4236 1007 4286 quam
1022 4222 1201 4270 coniecturam
1215 4221 1285 4285 quod
1304 4222 1421 4284 recipere

234 4322 314 4356 ausus
333 4323 386 4356 non
405 4313 453 4368 est,
472 4312 545 4356 recte
563 4305 636 4355 fecit.

339 4393 359 4456 ²)
379 4391 448 4450 ποίας
466 4389 575 4459 πράξεως
594 4393 667 4458 vulg.

337 4481 357 4542 ³)
381 4480 419 4530 Of.
442 4481 523 4529 Isoor.
548 4495 585 4528 or.
604 4481 629 4542 8,
652 4497 676 4528 οι
700 4478 792 4528 δίκαιον
817 4520 822 4531 .
843 4519 849 4532 .
872 4477 927 4538 τους
951 4477 986 4529 ἐπ’
998 4476 1078 4544 εὐνοίᾳ
1101 4479 1268 4538 νουθετοῦντας
1292 4477 1325 4548 μὴ
1349 4478 1421 4548 μόνον

234 4566 373 4634 κατηγορεῖν
391 4566 440 4615 τῶν
458 4563 633 4633 πεπραγμένων
652 4561 717 4614 ἀλλὰ
735 4564 775 4615 καὶ
795 4563 1007 4634 συμβουλεύειν..

336 4654 357 4718 ⁴)
382 4653 420 4703 Cf.
445 4655 525 4703 etiam
548 4653 625 4703 Dom.
650 4670 687 4704 or.
711 4655 735 4717 6,
758 4671 782 4703 as
805 4650 852 4720 οὐχ
875 4650 951 4710 ἵνέἰς
975 4651 1099 4720 λοιδορῖαν
1124 4651 1235 4719 ἐμπεσὼν
1259 4652 1356 4722 ἐμαυτῷ
1380 4652 1421 4720 μὲν

234 4737 257 4798 ἐξ
273 4737 329 4789 'icoo
348 4739 423 4808 λόγον
442 4737 499 4806 παρ’
510 4737 566 4807 ὑμῖν
584 4739 681 4803 ποιήσω
701 4740 745 4805 (sc.
766 4736 858 4804 τάληθῆ
877 4737 936 4808 μετὰ
954 4739 1087 4807 παρρησῖας
1108 4739 1156 4808 ἐρῶ
1174 4735 1233 4808 πρθς
1253 4738 1334 4808 ὑμᾶς).
