<?xml version="1.0" encoding="UTF-8"?>
<!DOCTYPE html PUBLIC "-//W3C//DTD XHTML 1.0 Transitional//EN"
    "http://www.w3.org/TR/xhtml1/DTD/xhtml1-transitional.dtd">
<html xmlns="http://www.w3.org/1999/xhtml" xml:lang="en" lang="en">
 <head>
  <title>
</title>
<meta http-equiv="Content-Type" content="text/html;charset=utf-8" />
  <meta name='ocr-system' content='tesseract 3.04.00' />
  <meta name='ocr-capabilities' content='ocr_page ocr_carea ocr_par ocr_line ocrx_word'/>
</head>
<body>
  <div class='ocr_page' id='page_1' title='image "./dedemosthenisqu00swobgoog_0038.png"; bbox 0 0 3530 5536; ppageno 0'>
   <div class='ocr_carea' id='block_1_1' title="bbox 696 475 912 529">
    <p class='ocr_par' dir='ltr' id='par_1_1' title="bbox 696 475 912 529">
     <span class='ocr_line' id='line_1_1' title="bbox 696 475 912 529; baseline 0.009 -17"><span class='ocrx_word' id='word_1_1' title='bbox 696 475 912 529; x_wconf 62' lang='lat'><strong>..23-</strong></span> 
     </span>
    </p>
   </div>
   <div class='ocr_carea' id='block_1_2' title="bbox 197 661 1402 1364">
    <p class='ocr_par' dir='ltr' id='par_1_2' title="bbox 197 661 1402 1364">
     <span class='ocr_line' id='line_1_2' title="bbox 312 661 1401 739; baseline 0 -19"><span class='ocrx_word' id='word_1_2' title='bbox 312 665 428 737; x_wconf 85' lang='lat' dir='ltr'><strong>Agmsn</strong></span> <span class='ocrx_word' id='word_1_3' title='bbox 451 663 589 720; x_wconf 77' lang='lat' dir='ltr'><strong>claudant</strong></span> <span class='ocrx_word' id='word_1_4' title='bbox 612 663 669 719; x_wconf 94' lang='lat' dir='ltr'><strong>duo</strong></span> <span class='ocrx_word' id='word_1_5' title='bbox 692 661 758 732; x_wconf 92' lang='lat' dir='ltr'><strong>loci,</strong></span> <span class='ocrx_word' id='word_1_6' title='bbox 783 661 889 739; x_wconf 91' lang='lat' dir='ltr'><strong>quibus</strong></span> <span class='ocrx_word' id='word_1_7' title='bbox 911 661 1142 719; x_wconf 75' lang='lat' dir='ltr'><strong>Atheniensibus</strong></span> <span class='ocrx_word' id='word_1_8' title='bbox 1162 662 1282 720; x_wconf 89' lang='lat' dir='ltr'><strong>crimini</strong></span> <span class='ocrx_word' id='word_1_9' title='bbox 1306 664 1401 733; x_wconf 87' lang='lat' dir='ltr'><strong>datur,</strong></span> 
     </span>
     <span class='ocr_line' id='line_1_3' title="bbox 198 765 1402 844; baseline 0.001 -21"><span class='ocrx_word' id='word_1_10' title='bbox 198 768 288 842; x_wconf 88' lang='lat' dir='ltr'><strong>quod</strong></span> <span class='ocrx_word' id='word_1_11' title='bbox 308 766 428 844; x_wconf 86' lang='lat' dir='ltr'><strong>quidvis</strong></span> <span class='ocrx_word' id='word_1_12' title='bbox 447 766 546 842; x_wconf 90' lang='lat' dir='ltr'><strong>potius</strong></span> <span class='ocrx_word' id='word_1_13' title='bbox 566 787 655 843; x_wconf 91' lang='lat' dir='ltr'><strong>quam</strong></span> <span class='ocrx_word' id='word_1_14' title='bbox 674 785 749 843; x_wconf 88' lang='lat' dir='ltr'><strong>quae</strong></span> <span class='ocrx_word' id='word_1_15' title='bbox 770 786 808 823; x_wconf 86' lang='lat' dir='ltr'><strong>ex</strong></span> <span class='ocrx_word' id='word_1_16' title='bbox 827 784 883 822; x_wconf 93' lang='lat' dir='ltr'><strong>usu</strong></span> <span class='ocrx_word' id='word_1_17' title='bbox 905 769 973 822; x_wconf 90' lang='lat' dir='ltr'><strong>sunt</strong></span> <span class='ocrx_word' id='word_1_18' title='bbox 993 765 1147 822; x_wconf 78' lang='lat' dir='ltr'><strong>audientes</strong></span> <span class='ocrx_word' id='word_1_19' title='bbox 1167 785 1225 822; x_wconf 93' lang='lat' dir='ltr'><strong>non</strong></span> <span class='ocrx_word' id='word_1_20' title='bbox 1241 765 1266 822; x_wconf 87' lang='lat' dir='ltr'><strong>si</strong></span> <span class='ocrx_word' id='word_1_21' title='bbox 1282 766 1334 843; x_wconf 91' lang='lat' dir='ltr'><strong>qui</strong></span> <span class='ocrx_word' id='word_1_22' title='bbox 1349 767 1402 824; x_wconf 88' lang='lat' dir='ltr'><strong>ali-</strong></span> 
     </span>
     <span class='ocr_line' id='line_1_4' title="bbox 197 869 1401 947; baseline 0.002 -21"><span class='ocrx_word' id='word_1_23' title='bbox 197 869 282 946; x_wconf 84' lang='lat' dir='ltr'><strong>quid</strong></span> <span class='ocrx_word' id='word_1_24' title='bbox 303 870 513 941; x_wconf 81' lang='lat' dir='ltr'><strong>commiserint,</strong></span> <span class='ocrx_word' id='word_1_25' title='bbox 535 872 584 928; x_wconf 89' lang='lat' dir='ltr'><strong>sed</strong></span> <span class='ocrx_word' id='word_1_26' title='bbox 606 869 631 927; x_wconf 91' lang='lat' dir='ltr'><strong>si</strong></span> <span class='ocrx_word' id='word_1_27' title='bbox 647 889 772 947; x_wconf 93' lang='lat' dir='ltr'><strong>quorum</strong></span> <span class='ocrx_word' id='word_1_28' title='bbox 787 869 934 927; x_wconf 86' lang='lat' dir='ltr'><strong>orationes</strong></span> <span class='ocrx_word' id='word_1_29' title='bbox 952 871 1076 928; x_wconf 80' lang='lat' dir='ltr'><strong>moleste</strong></span> <span class='ocrx_word' id='word_1_30' title='bbox 1095 870 1202 940; x_wconf 87' lang='lat' dir='ltr'><strong>ferant,</strong></span> <span class='ocrx_word' id='word_1_31' title='bbox 1222 869 1401 928; x_wconf 86' lang='lat' dir='ltr'><strong>irascantur:</strong></span> 
     </span>
     <span class='ocr_line' id='line_1_5' title="bbox 197 967 1402 1051; baseline 0.001 -21"><span class='ocrx_word' id='word_1_32' title='bbox 197 993 249 1048; x_wconf 89' lang='lat' dir='ltr'><strong>pr.</strong></span> <span class='ocrx_word' id='word_1_33' title='bbox 269 978 318 1045; x_wconf 85' lang='lat'><strong>15,</strong></span> <span class='ocrx_word' id='word_1_34' title='bbox 331 994 396 1051; x_wconf 79' lang='lat' dir='ltr'><strong>ssq.</strong></span> <span class='ocrx_word' id='word_1_35' title='bbox 410 971 520 1031; x_wconf 87' lang='grc' dir='ltr'>δέδοικα</span> <span class='ocrx_word' id='word_1_36' title='bbox 533 973 571 1046; x_wconf 82' lang='grc' dir='ltr'><strong>μὴ</strong></span> <span class='ocrx_word' id='word_1_37' title='bbox 580 969 618 1049; x_wconf 80' lang='grc' dir='ltr'>τῷ</span> <span class='ocrx_word' id='word_1_38' title='bbox 626 970 660 1030; x_wconf 86' lang='grc' dir='ltr'>τὰ</span> <span class='ocrx_word' id='word_1_39' title='bbox 668 975 712 1031; x_wconf 83' lang='grc' dir='ltr'><strong>νῦν</strong></span> <span class='ocrx_word' id='word_1_40' title='bbox 721 968 957 1050; x_wconf 83' lang='grc' dir='ltr'>βέλτιστέίπάντι,</span> <span class='ocrx_word' id='word_1_41' title='bbox 969 973 1002 1046; x_wconf 77' lang='grc' dir='ltr'><strong>ἣν</strong></span> <span class='ocrx_word' id='word_1_42' title='bbox 1011 972 1068 1041; x_wconf 80' lang='grc' dir='ltr'>τοῖς</span> <span class='ocrx_word' id='word_1_43' title='bbox 1077 967 1259 1047; x_wconf 80' lang='grc' dir='ltr'>ἐξηπατηκάσι</span> <span class='ocrx_word' id='word_1_44' title='bbox 1266 977 1402 1050; x_wconf 81' lang='grc' dir='ltr'>προσῆκεν</span> 
     </span>
     <span class='ocr_line' id='line_1_6' title="bbox 198 1073 1402 1156; baseline 0.002 -24"><span class='ocrx_word' id='word_1_45' title='bbox 198 1074 360 1153; x_wconf 86' lang='grc' dir='ltr'>ἀπέχθειαν</span> <span class='ocrx_word' id='word_1_46' title='bbox 383 1077 512 1154; x_wconf 77' lang='grc' dir='ltr'>ὑπάρχειν</span> <span class='ocrx_word' id='word_1_47' title='bbox 535 1076 598 1154; x_wconf 82' lang='grc' dir='ltr'>παρ’</span> <span class='ocrx_word' id='word_1_48' title='bbox 610 1077 696 1154; x_wconf 83' lang='grc' dir='ltr'>ὑμῶν,</span> <span class='ocrx_word' id='word_1_49' title='bbox 719 1075 816 1150; x_wconf 74' lang='grc' dir='ltr'>ταύτην</span> <span class='ocrx_word' id='word_1_50' title='bbox 838 1073 1037 1153; x_wconf 84' lang='grc' dir='ltr'>ἀπενέγκασθαι</span> <span class='ocrx_word' id='word_1_51' title='bbox 1058 1074 1157 1156; x_wconf 80' lang='grc' dir='ltr'>συμβῇ.</span> <span class='ocrx_word' id='word_1_52' title='bbox 1185 1075 1239 1154; x_wconf 84' lang='grc' dir='ltr'><strong>δρῶ</strong></span> <span class='ocrx_word' id='word_1_53' title='bbox 1258 1073 1311 1154; x_wconf 85' lang='grc' dir='ltr'>γάρ</span> <span class='ocrx_word' id='word_1_54' title='bbox 1332 1076 1402 1150; x_wconf 82' lang='grc' dir='ltr'>ὑμᾶς</span> 
     </span>
     <span class='ocr_line' id='line_1_7' title="bbox 197 1177 1401 1260; baseline 0 -23"><span class='ocrx_word' id='word_1_55' title='bbox 197 1177 348 1251; x_wconf 88' lang='grc' dir='ltr'>πολλάκις</span> <span class='ocrx_word' id='word_1_56' title='bbox 367 1179 398 1239; x_wconf 81' lang='grc' dir='ltr'><strong>οδ</strong></span> <span class='ocrx_word' id='word_1_57' title='bbox 417 1179 477 1250; x_wconf 83' lang='grc' dir='ltr'>τοὺς</span> <span class='ocrx_word' id='word_1_58' title='bbox 493 1177 590 1250; x_wconf 84' lang='grc' dir='ltr'><strong>αἰτίους</strong></span> <span class='ocrx_word' id='word_1_59' title='bbox 605 1185 658 1238; x_wconf 85' lang='grc' dir='ltr'>τῶν</span> <span class='ocrx_word' id='word_1_60' title='bbox 673 1181 841 1260; x_wconf 81' lang='grc' dir='ltr'>πραγμάτων</span> <span class='ocrx_word' id='word_1_61' title='bbox 858 1183 1008 1258; x_wconf 72' lang='grc' dir='ltr'>μισοῦντας,</span> <span class='ocrx_word' id='word_1_62' title='bbox 1030 1179 1108 1238; x_wconf 82' lang='grc' dir='ltr'>ἀλλὰ</span> <span class='ocrx_word' id='word_1_63' title='bbox 1122 1179 1184 1250; x_wconf 71' lang='grc' dir='ltr'>τοὺς</span> <span class='ocrx_word' id='word_1_64' title='bbox 1199 1179 1325 1251; x_wconf 82' lang='grc' dir='ltr'>ὑστάτους</span> <span class='ocrx_word' id='word_1_65' title='bbox 1339 1177 1401 1259; x_wconf 87' lang='grc' dir='ltr'>περὶ</span> 
     </span>
     <span class='ocr_line' id='line_1_8' title="bbox 198 1281 1400 1364; baseline 0 -22"><span class='ocrx_word' id='word_1_66' title='bbox 198 1284 295 1342; x_wconf 58' lang='lat' dir='ltr'><strong>assos</strong></span> <span class='ocrx_word' id='word_1_67' title='bbox 318 1282 443 1354; x_wconf 78' lang='grc' dir='ltr'>εἰπόντας</span> <span class='ocrx_word' id='word_1_68' title='bbox 461 1305 486 1343; x_wconf 90' lang='grc' dir='ltr'>τι</span> <span class='ocrx_word' id='word_1_69' title='bbox 505 1285 572 1363; x_wconf 85' lang='grc' dir='ltr'>πρδς</span> <span class='ocrx_word' id='word_1_70' title='bbox 592 1283 673 1362; x_wconf 83' lang='grc' dir='ltr'>ὑμᾶς,</span> <span class='ocrx_word' id='word_1_71' title='bbox 696 1307 741 1363; x_wconf 89' lang='lat' dir='ltr'><strong>pr.</strong></span> <span class='ocrx_word' id='word_1_72' title='bbox 759 1290 809 1357; x_wconf 88' lang='grc'><strong>38,</strong></span> <span class='ocrx_word' id='word_1_73' title='bbox 826 1305 839 1344; x_wconf 85' lang='lat' dir='ltr'><strong>s</strong></span> <span class='ocrx_word' id='word_1_74' title='bbox 854 1305 897 1363; x_wconf 91' lang='lat' dir='ltr'><strong>sq.</strong></span> <span class='ocrx_word' id='word_1_75' title='bbox 921 1284 951 1341; x_wconf 78' lang='grc' dir='ltr'>τδ</span> <span class='ocrx_word' id='word_1_76' title='bbox 972 1283 1022 1358; x_wconf 84' lang='grc' dir='ltr'><strong>μὲν</strong></span> <span class='ocrx_word' id='word_1_77' title='bbox 1043 1281 1089 1343; x_wconf 85' lang='grc' dir='ltr'><strong>οὖν</strong></span> <span class='ocrx_word' id='word_1_78' title='bbox 1104 1281 1225 1364; x_wconf 75' lang='grc' dir='ltr'>ὀργίλως</span> <span class='ocrx_word' id='word_1_79' title='bbox 1241 1284 1310 1356; x_wconf 81' lang='grc' dir='ltr'>ὑμᾶς</span> <span class='ocrx_word' id='word_1_80' title='bbox 1326 1283 1400 1360; x_wconf 87' lang='grc' dir='ltr'>έχειν</span> 
     </span>
    </p>
   </div>
   <div class='ocr_carea' id='block_1_3' title="bbox 199 1385 1400 1573">
    <p class='ocr_par' dir='ltr' id='par_1_3' title="bbox 199 1385 1400 1573">
     <span class='ocr_line' id='line_1_9' title="bbox 199 1385 1399 1468; baseline 0 -22"><span class='ocrx_word' id='word_1_81' title='bbox 199 1385 283 1460; x_wconf 83' lang='grc' dir='ltr'>εἰκάς</span> <span class='ocrx_word' id='word_1_82' title='bbox 304 1388 359 1448; x_wconf 87' lang='grc' dir='ltr'>ἐστι</span> <span class='ocrx_word' id='word_1_83' title='bbox 377 1391 461 1448; x_wconf 82' lang='grc' dir='ltr'>ταῦτα</span> <span class='ocrx_word' id='word_1_84' title='bbox 479 1391 651 1466; x_wconf 83' lang='grc' dir='ltr'>πάσχοντας·</span> <span class='ocrx_word' id='word_1_85' title='bbox 668 1390 698 1448; x_wconf 77' lang='lat' dir='ltr'><strong>ro</strong></span> <span class='ocrx_word' id='word_1_86' title='bbox 720 1388 751 1448; x_wconf 87' lang='grc' dir='ltr'>δέ</span> <span class='ocrx_word' id='word_1_87' title='bbox 772 1390 810 1464; x_wconf 82' lang='grc' dir='ltr'><strong>μὴ</strong></span> <span class='ocrx_word' id='word_1_88' title='bbox 826 1390 881 1458; x_wconf 88' lang='grc' dir='ltr'>τοῖς</span> <span class='ocrx_word' id='word_1_89' title='bbox 897 1385 1001 1464; x_wconf 83' lang='grc' dir='ltr'>αἰτίοις,</span> <span class='ocrx_word' id='word_1_90' title='bbox 1018 1385 1096 1446; x_wconf 83' lang='grc' dir='ltr'>ἀλλὰ</span> <span class='ocrx_word' id='word_1_91' title='bbox 1110 1393 1190 1446; x_wconf 84' lang='grc' dir='ltr'>πᾶσιν</span> <span class='ocrx_word' id='word_1_92' title='bbox 1208 1385 1306 1466; x_wconf 78' lang='grc' dir='ltr'>ἐφεξῆς</span> <span class='ocrx_word' id='word_1_93' title='bbox 1322 1387 1399 1468; x_wconf 76' lang='grc' dir='ltr'>ἐργί-</span> 
     </span>
     <span class='ocr_line' id='line_1_10' title="bbox 199 1489 1400 1573; baseline 0 -23"><span class='ocrx_word' id='word_1_94' title='bbox 199 1493 310 1572; x_wconf 85' lang='grc' dir='ltr'>ζεσθαι,</span> <span class='ocrx_word' id='word_1_95' title='bbox 326 1493 395 1552; x_wconf 81' lang='grc' dir='ltr'>τοῦτ’</span> <span class='ocrx_word' id='word_1_96' title='bbox 405 1492 494 1552; x_wconf 82' lang='grc' dir='ltr'>οθκέτι</span> <span class='ocrx_word' id='word_1_97' title='bbox 510 1491 583 1563; x_wconf 86' lang='grc' dir='ltr'>εἰκδς</span> <span class='ocrx_word' id='word_1_98' title='bbox 599 1492 655 1553; x_wconf 71' lang='grc' dir='ltr'>οὐδ’</span> <span class='ocrx_word' id='word_1_99' title='bbox 663 1489 751 1573; x_wconf 76' lang='grc' dir='ltr'>ὀρθῶς</span> <span class='ocrx_word' id='word_1_100' title='bbox 766 1493 832 1570; x_wconf 86' lang='grc' dir='ltr'>έχον</span> <span class='ocrx_word' id='word_1_101' title='bbox 848 1489 928 1553; x_wconf 89' lang='grc' dir='ltr'>ἐστίν.</span> <span class='ocrx_word' id='word_1_102' title='bbox 946 1490 971 1551; x_wconf 84' lang='grc' dir='ltr'><strong>σί</strong></span> <span class='ocrx_word' id='word_1_103' title='bbox 982 1491 1036 1572; x_wconf 84' lang='grc' dir='ltr'>γὰρ</span> <span class='ocrx_word' id='word_1_104' title='bbox 1052 1490 1170 1566; x_wconf 84' lang='grc' dir='ltr'>μηδενδς</span> <span class='ocrx_word' id='word_1_105' title='bbox 1187 1491 1237 1566; x_wconf 86' lang='grc' dir='ltr'><strong>μὲν</strong></span> <span class='ocrx_word' id='word_1_106' title='bbox 1255 1491 1332 1552; x_wconf 89' lang='grc' dir='ltr'>αίτισι</span> <span class='ocrx_word' id='word_1_107' title='bbox 1347 1497 1400 1552; x_wconf 84' lang='grc' dir='ltr'>τῶν</span> 
     </span>
    </p>
   </div>
   <div class='ocr_carea' id='block_1_4' title="bbox 194 1593 1399 1986">
    <p class='ocr_par' dir='ltr' id='par_1_4' title="bbox 194 1593 1399 1986">
     <span class='ocr_line' id='line_1_11' title="bbox 198 1593 1399 1677; baseline 0.001 -22"><span class='ocrx_word' id='word_1_108' title='bbox 198 1596 448 1677; x_wconf 72' lang='grc' dir='ltr'>παρεληλυθότων,</span> <span class='ocrx_word' id='word_1_109' title='bbox 464 1593 499 1656; x_wconf 81' lang='grc' dir='ltr'>τὰ</span> <span class='ocrx_word' id='word_1_110' title='bbox 515 1596 545 1656; x_wconf 88' lang='grc' dir='ltr'><strong>δὲ</strong></span> <span class='ocrx_word' id='word_1_111' title='bbox 560 1597 645 1656; x_wconf 83' lang='grc' dir='ltr'>λοιπὰ</span> <span class='ocrx_word' id='word_1_112' title='bbox 659 1603 718 1668; x_wconf 84' lang='grc' dir='ltr'>πῶς</span> <span class='ocrx_word' id='word_1_113' title='bbox 731 1598 803 1656; x_wconf 91' lang='grc' dir='ltr'>έσται</span> <span class='ocrx_word' id='word_1_114' title='bbox 817 1596 919 1670; x_wconf 78' lang='grc' dir='ltr'>βελτίω</span> <span class='ocrx_word' id='word_1_115' title='bbox 931 1595 1025 1673; x_wconf 90' lang='grc' dir='ltr'>λέγειν</span> <span class='ocrx_word' id='word_1_116' title='bbox 1039 1597 1151 1672; x_wconf 79' lang='grc' dir='ltr'>ἔχοντες</span> <span class='ocrx_word' id='word_1_117' title='bbox 1161 1599 1252 1677; x_wconf 89' lang='grc' dir='ltr'>χάριν,</span> <span class='ocrx_word' id='word_1_118' title='bbox 1264 1597 1315 1657; x_wconf 78' lang='grc' dir='ltr'><strong>οὐκ</strong></span> <span class='ocrx_word' id='word_1_119' title='bbox 1329 1597 1399 1658; x_wconf 84' lang='grc' dir='ltr'>ἀπέ-</span> 
     </span>
     <span class='ocr_line' id='line_1_12' title="bbox 194 1699 1399 1784; baseline 0.001 -25"><span class='ocrx_word' id='word_1_120' title='bbox 194 1703 305 1784; x_wconf 83' lang='grc' dir='ltr'>χθειαν</span> <span class='ocrx_word' id='word_1_121' title='bbox 316 1701 467 1776; x_wconf 87' lang='grc' dir='ltr'>κομίσαιντ’</span> <span class='ocrx_word' id='word_1_122' title='bbox 477 1704 509 1760; x_wconf 88' lang='grc' dir='ltr'><strong>άν</strong></span> <span class='ocrx_word' id='word_1_123' title='bbox 526 1701 638 1773; x_wconf 78' lang='grc' dir='ltr'>δικαίως</span> <span class='ocrx_word' id='word_1_124' title='bbox 650 1702 714 1780; x_wconf 85' lang='grc' dir='ltr'>παρ’</span> <span class='ocrx_word' id='word_1_125' title='bbox 727 1700 800 1776; x_wconf 83' lang='grc' dir='ltr'>ὑμῶν</span> <span class='ocrx_word' id='word_1_126' title='bbox 814 1747 821 1762; x_wconf 96' lang='grc'>.</span> <span class='ocrx_word' id='word_1_127' title='bbox 836 1747 844 1761; x_wconf 95' lang='grc'>.</span> <span class='ocrx_word' id='word_1_128' title='bbox 860 1699 949 1760; x_wconf 85' lang='grc' dir='ltr'>καίτοι</span> <span class='ocrx_word' id='word_1_129' title='bbox 966 1701 1050 1779; x_wconf 83' lang='grc' dir='ltr'>ἔγωγ’</span> <span class='ocrx_word' id='word_1_130' title='bbox 1060 1703 1108 1760; x_wconf 81' lang='grc' dir='ltr'>οίικ</span> <span class='ocrx_word' id='word_1_131' title='bbox 1124 1701 1214 1780; x_wconf 79' lang='grc' dir='ltr'>ἀγνοῶ</span> <span class='ocrx_word' id='word_1_132' title='bbox 1232 1701 1270 1761; x_wconf 82' lang='grc' dir='ltr'>δτι</span> <span class='ocrx_word' id='word_1_133' title='bbox 1284 1701 1399 1760; x_wconf 88' lang='grc' dir='ltr'>πολλά-</span> 
     </span>
     <span class='ocr_line' id='line_1_13' title="bbox 200 1803 1399 1886; baseline 0.001 -22"><span class='ocrx_word' id='word_1_134' title='bbox 200 1826 250 1876; x_wconf 89' lang='grc' dir='ltr'>κις</span> <span class='ocrx_word' id='word_1_135' title='bbox 267 1806 298 1864; x_wconf 75' lang='lat' dir='ltr'><strong>od</strong></span> <span class='ocrx_word' id='word_1_136' title='bbox 312 1809 368 1877; x_wconf 83' lang='grc' dir='ltr'>τοῖς</span> <span class='ocrx_word' id='word_1_137' title='bbox 385 1805 489 1886; x_wconf 87' lang='grc' dir='ltr'>αἰτίοις,</span> <span class='ocrx_word' id='word_1_138' title='bbox 511 1805 589 1865; x_wconf 87' lang='grc' dir='ltr'>ἀλλὰ</span> <span class='ocrx_word' id='word_1_139' title='bbox 602 1808 658 1878; x_wconf 80' lang='grc' dir='ltr'>τοῖς</span> <span class='ocrx_word' id='word_1_140' title='bbox 676 1805 803 1881; x_wconf 86' lang='grc' dir='ltr'>ἐμποδὼν</span> <span class='ocrx_word' id='word_1_141' title='bbox 819 1803 875 1864; x_wconf 82' lang='grc' dir='ltr'>οὖσι</span> <span class='ocrx_word' id='word_1_142' title='bbox 890 1809 947 1876; x_wconf 76' lang='grc' dir='ltr'>τοῖς</span> <span class='ocrx_word' id='word_1_143' title='bbox 962 1805 1148 1884; x_wconf 78' lang='grc' dir='ltr'>ὀργιζομένοις</span> <span class='ocrx_word' id='word_1_144' title='bbox 1164 1805 1249 1879; x_wconf 79' lang='grc' dir='ltr'>ἀηδές</span> <span class='ocrx_word' id='word_1_145' title='bbox 1264 1827 1289 1865; x_wconf 89' lang='grc' dir='ltr'>τι</span> <span class='ocrx_word' id='word_1_146' title='bbox 1303 1807 1399 1865; x_wconf 82' lang='grc' dir='ltr'>παθεῖν</span> 
     </span>
     <span class='ocr_line' id='line_1_14' title="bbox 202 1909 320 1986; baseline 0.017 -18"><span class='ocrx_word' id='word_1_147' title='bbox 202 1909 320 1986; x_wconf 82' lang='grc' dir='ltr'>συνέβη.</span> 
     </span>
    </p>
   </div>
   <div class='ocr_carea' id='block_1_5' title="bbox 312 2017 1523 2105">
    <p class='ocr_par' dir='ltr' id='par_1_5' title="bbox 312 2017 1523 2105">
     <span class='ocr_line' id='line_1_15' title="bbox 312 2017 1523 2105; baseline 0.002 -32"><span class='ocrx_word' id='word_1_148' title='bbox 312 2018 420 2076; x_wconf 85' lang='lat' dir='ltr'><strong>Vides</strong></span> <span class='ocrx_word' id='word_1_149' title='bbox 442 2019 511 2077; x_wconf 90' lang='lat' dir='ltr'><strong>iam</strong></span> <span class='ocrx_word' id='word_1_150' title='bbox 534 2017 691 2093; x_wconf 85' lang='lat' dir='ltr'><strong>singulas</strong></span> <span class='ocrx_word' id='word_1_151' title='bbox 714 2018 915 2076; x_wconf 89' lang='lat' dir='ltr'><strong>sententias</strong></span> <span class='ocrx_word' id='word_1_152' title='bbox 938 2017 990 2076; x_wconf 91' lang='lat' dir='ltr'><strong>ita</strong></span> <span class='ocrx_word' id='word_1_153' title='bbox 1012 2017 1111 2076; x_wconf 89' lang='lat' dir='ltr'><strong>necti</strong></span> <span class='ocrx_word' id='word_1_154' title='bbox 1134 2018 1223 2076; x_wconf 85' lang='lat' dir='ltr'><strong>alias</strong></span> <span class='ocrx_word' id='word_1_155' title='bbox 1247 2038 1289 2076; x_wconf 88' lang='lat' dir='ltr'><strong>ex</strong></span> <span class='ocrx_word' id='word_1_156' title='bbox 1312 2018 1397 2089; x_wconf 84' lang='lat' dir='ltr'><strong>alia,</strong></span> <span class='ocrx_word' id='word_1_157' title='bbox 1472 2089 1481 2105; x_wconf 14' lang='lat' dir='ltr'><strong>A&gt;</strong></span> <span class='ocrx_word' id='word_1_158' title='bbox 1514 2069 1523 2088; x_wconf 70' lang='grc'>,</span> 
     </span>
    </p>
   </div>
   <div class='ocr_carea' id='block_1_6' title="bbox 201 2109 1508 2200">
    <p class='ocr_par' dir='ltr' id='par_1_6' title="bbox 201 2109 1508 2200">
     <span class='ocr_line' id='line_1_16' title="bbox 201 2109 1508 2200; baseline 0 -20"><span class='ocrx_word' id='word_1_159' title='bbox 201 2129 245 2182; x_wconf 92' lang='lat' dir='ltr'><strong>ut</strong></span> <span class='ocrx_word' id='word_1_160' title='bbox 276 2123 362 2200; x_wconf 92' lang='lat' dir='ltr'><strong>quin</strong></span> <span class='ocrx_word' id='word_1_161' title='bbox 389 2124 475 2180; x_wconf 87' lang='lat' dir='ltr'><strong>haec</strong></span> <span class='ocrx_word' id='word_1_162' title='bbox 504 2122 619 2180; x_wconf 89' lang='lat' dir='ltr'><strong>omnia</strong></span> <span class='ocrx_word' id='word_1_163' title='bbox 645 2123 685 2180; x_wconf 89' lang='lat' dir='ltr'><strong>ad</strong></span> <span class='ocrx_word' id='word_1_164' title='bbox 713 2142 818 2179; x_wconf 90' lang='lat' dir='ltr'><strong>unum</strong></span> <span class='ocrx_word' id='word_1_165' title='bbox 844 2124 1067 2200; x_wconf 87' lang='lat' dir='ltr'><strong>eundemque</strong></span> <span class='ocrx_word' id='word_1_166' title='bbox 1098 2127 1278 2180; x_wconf 83' lang='lat' dir='ltr'><strong>auctorem</strong></span> <span class='ocrx_word' id='word_1_167' title='bbox 1308 2123 1398 2180; x_wconf 82' lang='lat' dir='ltr'><strong>refe·</strong></span> <span class='ocrx_word' id='word_1_168' title='bbox 1468 2109 1508 2138; x_wconf 51' lang='lat'><strong>“⁸</strong></span> 
     </span>
    </p>
   </div>
   <div class='ocr_carea' id='block_1_7' title="bbox 202 2226 831 2286">
    <p class='ocr_par' dir='ltr' id='par_1_7' title="bbox 202 2226 831 2286">
     <span class='ocr_line' id='line_1_17' title="bbox 202 2226 831 2286; baseline -0.002 -2"><span class='ocrx_word' id='word_1_169' title='bbox 202 2229 317 2286; x_wconf 84' lang='lat' dir='ltr'><strong>reuda</strong></span> <span class='ocrx_word' id='word_1_170' title='bbox 339 2227 410 2284; x_wconf 91' lang='lat' dir='ltr'><strong>siut</strong></span> <span class='ocrx_word' id='word_1_171' title='bbox 433 2227 599 2286; x_wconf 89' lang='lat' dir='ltr'><strong>dubitare</strong></span> <span class='ocrx_word' id='word_1_172' title='bbox 623 2247 689 2284; x_wconf 92' lang='lat' dir='ltr'><strong>non</strong></span> <span class='ocrx_word' id='word_1_173' title='bbox 712 2226 831 2284; x_wconf 89' lang='lat' dir='ltr'><strong>liceat.</strong></span> 
     </span>
    </p>
   </div>
   <div class='ocr_carea' id='block_1_8' title="bbox 780 2487 822 2544">
    <p class='ocr_par' dir='ltr' id='par_1_8' title="bbox 780 2487 822 2544">
     <span class='ocr_line' id='line_1_18' title="bbox 780 2487 822 2544; baseline -0.048 0"><span class='ocrx_word' id='word_1_174' title='bbox 780 2487 822 2544; x_wconf 93' lang='grc' dir='ltr'><strong>ΙΙ.</strong></span> 
     </span>
    </p>
   </div>
   <div class='ocr_carea' id='block_1_9' title="bbox 203 2641 1400 4391">
    <p class='ocr_par' dir='ltr' id='par_1_9' title="bbox 203 2641 1400 3226">
     <span class='ocr_line' id='line_1_19' title="bbox 311 2641 1399 2719; baseline -0.004 -16"><span class='ocrx_word' id='word_1_175' title='bbox 311 2645 388 2703; x_wconf 78' lang='lat' dir='ltr'><strong>Satis</strong></span> <span class='ocrx_word' id='word_1_176' title='bbox 404 2644 531 2702; x_wconf 83' lang='lat' dir='ltr'><strong>arbitror</strong></span> <span class='ocrx_word' id='word_1_177' title='bbox 547 2643 657 2701; x_wconf 89' lang='lat' dir='ltr'><strong>dictum</strong></span> <span class='ocrx_word' id='word_1_178' title='bbox 674 2647 718 2700; x_wconf 87' lang='lat' dir='ltr'><strong>est</strong></span> <span class='ocrx_word' id='word_1_179' title='bbox 734 2643 770 2699; x_wconf 88' lang='lat' dir='ltr'><strong>de</strong></span> <span class='ocrx_word' id='word_1_180' title='bbox 786 2641 866 2712; x_wconf 90' lang='lat' dir='ltr'><strong>locis,</strong></span> <span class='ocrx_word' id='word_1_181' title='bbox 884 2661 956 2719; x_wconf 88' lang='lat' dir='ltr'><strong>quos</strong></span> <span class='ocrx_word' id='word_1_182' title='bbox 972 2646 1023 2699; x_wconf 89' lang='lat' dir='ltr'><strong>aut</strong></span> <span class='ocrx_word' id='word_1_183' title='bbox 1039 2643 1156 2699; x_wconf 86' lang='lat' dir='ltr'><strong>easdem</strong></span> <span class='ocrx_word' id='word_1_184' title='bbox 1172 2642 1324 2700; x_wconf 84' lang='lat' dir='ltr'><strong>continere</strong></span> <span class='ocrx_word' id='word_1_185' title='bbox 1337 2662 1399 2700; x_wconf 88' lang='lat' dir='ltr'><strong>sen·</strong></span> 
     </span>
     <span class='ocr_line' id='line_1_20' title="bbox 203 2746 1399 2824; baseline -0.003 -17"><span class='ocrx_word' id='word_1_186' title='bbox 203 2750 316 2808; x_wconf 87' lang='lat' dir='ltr'><strong>tentias</strong></span> <span class='ocrx_word' id='word_1_187' title='bbox 335 2754 387 2807; x_wconf 87' lang='lat' dir='ltr'><strong>aut</strong></span> <span class='ocrx_word' id='word_1_188' title='bbox 405 2754 485 2807; x_wconf 89' lang='lat' dir='ltr'><strong>certe</strong></span> <span class='ocrx_word' id='word_1_189' title='bbox 501 2747 674 2822; x_wconf 85' lang='lat' dir='ltr'><strong>cognatione</strong></span> <span class='ocrx_word' id='word_1_190' title='bbox 689 2746 787 2824; x_wconf 88' lang='lat' dir='ltr'><strong>aliqua</strong></span> <span class='ocrx_word' id='word_1_191' title='bbox 802 2746 883 2804; x_wconf 90' lang='lat' dir='ltr'><strong>inter</strong></span> <span class='ocrx_word' id='word_1_192' title='bbox 898 2766 928 2803; x_wconf 89' lang='lat' dir='ltr'><strong>se</strong></span> <span class='ocrx_word' id='word_1_193' title='bbox 944 2746 1113 2804; x_wconf 86' lang='lat' dir='ltr'><strong>coniunctas</strong></span> <span class='ocrx_word' id='word_1_194' title='bbox 1129 2766 1191 2804; x_wconf 84' lang='lat' dir='ltr'><strong>csse</strong></span> <span class='ocrx_word' id='word_1_195' title='bbox 1207 2751 1298 2822; x_wconf 88' lang='lat' dir='ltr'><strong>patet.</strong></span> <span class='ocrx_word' id='word_1_196' title='bbox 1322 2766 1399 2804; x_wconf 87' lang='lat' dir='ltr'><strong>nunc</strong></span> 
     </span>
     <span class='ocr_line' id='line_1_21' title="bbox 205 2849 1399 2930; baseline -0.003 -18"><span class='ocrx_word' id='word_1_197' title='bbox 205 2857 245 2912; x_wconf 90' lang='lat' dir='ltr'><strong>de</strong></span> <span class='ocrx_word' id='word_1_198' title='bbox 260 2853 477 2924; x_wconf 86' lang='lat' dir='ltr'><strong>elocutione,</strong></span> <span class='ocrx_word' id='word_1_199' title='bbox 495 2872 570 2930; x_wconf 86' lang='lat' dir='ltr'><strong>quae</strong></span> <span class='ocrx_word' id='word_1_200' title='bbox 585 2856 630 2909; x_wconf 89' lang='lat' dir='ltr'><strong>est</strong></span> <span class='ocrx_word' id='word_1_201' title='bbox 644 2851 676 2908; x_wconf 90' lang='lat' dir='ltr'><strong>in</strong></span> <span class='ocrx_word' id='word_1_202' title='bbox 692 2849 861 2927; x_wconf 81' lang='lat' dir='ltr'><strong>prooemiis,</strong></span> <span class='ocrx_word' id='word_1_203' title='bbox 878 2851 1087 2926; x_wconf 90' lang='lat' dir='ltr'><strong>exponendum</strong></span> <span class='ocrx_word' id='word_1_204' title='bbox 1102 2870 1164 2908; x_wconf 87' lang='lat' dir='ltr'><strong>esse</strong></span> <span class='ocrx_word' id='word_1_205' title='bbox 1178 2851 1307 2909; x_wconf 86' lang='lat' dir='ltr'><strong>videtur.</strong></span> <span class='ocrx_word' id='word_1_206' title='bbox 1329 2851 1399 2908; x_wconf 89' lang='lat' dir='ltr'><strong>hinc</strong></span> 
     </span>
     <span class='ocr_line' id='line_1_22' title="bbox 204 2954 1400 3035; baseline -0.003 -18"><span class='ocrx_word' id='word_1_207' title='bbox 204 2960 287 3018; x_wconf 87' lang='lat' dir='ltr'><strong>enim</strong></span> <span class='ocrx_word' id='word_1_208' title='bbox 307 2958 466 3035; x_wconf 86' lang='lat' dir='ltr'><strong>praecipua</strong></span> <span class='ocrx_word' id='word_1_209' title='bbox 482 2957 625 3034; x_wconf 85' lang='lat' dir='ltr'><strong>quaedam</strong></span> <span class='ocrx_word' id='word_1_210' title='bbox 641 2960 814 3030; x_wconf 85' lang='lat' dir='ltr'><strong>argumenta</strong></span> <span class='ocrx_word' id='word_1_211' title='bbox 833 2954 895 3030; x_wconf 88' lang='lat' dir='ltr'><strong>peti</strong></span> <span class='ocrx_word' id='word_1_212' title='bbox 916 2955 1051 3030; x_wconf 86' lang='lat' dir='ltr'><strong>possead</strong></span> <span class='ocrx_word' id='word_1_213' title='bbox 1068 2954 1278 3031; x_wconf 89' lang='lat' dir='ltr'><strong>quaestionem,</strong></span> <span class='ocrx_word' id='word_1_214' title='bbox 1300 2960 1400 3013; x_wconf 91' lang='lat' dir='ltr'><strong>utrum</strong></span> 
     </span>
     <span class='ocr_line' id='line_1_23' title="bbox 204 3058 1398 3139; baseline -0.003 -17"><span class='ocrx_word' id='word_1_215' title='bbox 204 3084 283 3122; x_wconf 90' lang='lat' dir='ltr'><strong>unus</strong></span> <span class='ocrx_word' id='word_1_216' title='bbox 297 3084 335 3121; x_wconf 85' lang='lat' dir='ltr'><strong>an</strong></span> <span class='ocrx_word' id='word_1_217' title='bbox 350 3064 448 3139; x_wconf 87' lang='lat' dir='ltr'><strong>plures</strong></span> <span class='ocrx_word' id='word_1_218' title='bbox 455 3062 556 3138; x_wconf 88' lang='lat' dir='ltr'><strong>operis</strong></span> <span class='ocrx_word' id='word_1_219' title='bbox 567 3060 693 3119; x_wconf 87' lang='lat' dir='ltr'><strong>alicuius</strong></span> <span class='ocrx_word' id='word_1_220' title='bbox 706 3064 839 3119; x_wconf 86' lang='lat' dir='ltr'><strong>auctores</strong></span> <span class='ocrx_word' id='word_1_221' title='bbox 851 3058 1000 3117; x_wconf 86' lang='lat' dir='ltr'><strong>statuendi</strong></span> <span class='ocrx_word' id='word_1_222' title='bbox 1013 3059 1082 3130; x_wconf 88' lang='lat' dir='ltr'><strong>sint,</strong></span> <span class='ocrx_word' id='word_1_223' title='bbox 1100 3058 1316 3134; x_wconf 84' lang='lat' dir='ltr'><strong>expediendam</strong></span> <span class='ocrx_word' id='word_1_224' title='bbox 1331 3079 1398 3119; x_wconf 89' lang='lat' dir='ltr'><strong>oon-</strong></span> 
     </span>
     <span class='ocr_line' id='line_1_24' title="bbox 206 3171 449 3226; baseline -0.012 0"><span class='ocrx_word' id='word_1_225' title='bbox 206 3173 380 3226; x_wconf 87' lang='lat' dir='ltr'><strong>sentaneum</strong></span> <span class='ocrx_word' id='word_1_226' title='bbox 395 3171 449 3224; x_wconf 89' lang='lat' dir='ltr'><strong>est.</strong></span> 
     </span>
    </p>

    <p class='ocr_par' dir='ltr' id='par_1_10' title="bbox 204 3268 1398 4391">
     <span class='ocr_line' id='line_1_25' title="bbox 309 3268 1398 3346; baseline -0.003 -17"><span class='ocrx_word' id='word_1_227' title='bbox 309 3274 374 3329; x_wconf 91' lang='lat' dir='ltr'><strong>Iam</strong></span> <span class='ocrx_word' id='word_1_228' title='bbox 389 3272 471 3328; x_wconf 87' lang='lat' dir='ltr'><strong>Blass</strong></span> <span class='ocrx_word' id='word_1_229' title='bbox 494 3289 560 3328; x_wconf 90' lang='lat' dir='ltr'><strong>cum</strong></span> <span class='ocrx_word' id='word_1_230' title='bbox 583 3268 733 3346; x_wconf 87' lang='lat' dir='ltr'><strong>prooemia</strong></span> <span class='ocrx_word' id='word_1_231' title='bbox 752 3268 851 3325; x_wconf 84' lang='lat' dir='ltr'><strong>omnia</strong></span> <span class='ocrx_word' id='word_1_232' title='bbox 873 3271 908 3326; x_wconf 89' lang='lat' dir='ltr'><strong>ab</strong></span> <span class='ocrx_word' id='word_1_233' title='bbox 929 3287 986 3325; x_wconf 90' lang='lat' dir='ltr'><strong>uno</strong></span> <span class='ocrx_word' id='word_1_234' title='bbox 1009 3269 1130 3326; x_wconf 89' lang='lat' dir='ltr'><strong>homine</strong></span> <span class='ocrx_word' id='word_1_235' title='bbox 1151 3269 1316 3346; x_wconf 86' lang='lat' dir='ltr'><strong>conscripta</strong></span> <span class='ocrx_word' id='word_1_236' title='bbox 1335 3289 1398 3327; x_wconf 88' lang='lat' dir='ltr'><strong>esse</strong></span> 
     </span>
     <span class='ocr_line' id='line_1_26' title="bbox 206 3373 1398 3449; baseline -0.004 -14"><span class='ocrx_word' id='word_1_237' title='bbox 206 3377 406 3447; x_wconf 84' lang='lat' dir='ltr'><strong>contenderet,</strong></span> <span class='ocrx_word' id='word_1_238' title='bbox 428 3376 522 3432; x_wconf 90' lang='lat' dir='ltr'><strong>multa</strong></span> <span class='ocrx_word' id='word_1_239' title='bbox 541 3374 573 3431; x_wconf 93' lang='lat' dir='ltr'><strong>in</strong></span> <span class='ocrx_word' id='word_1_240' title='bbox 589 3373 632 3431; x_wconf 87' lang='lat' dir='ltr'><strong>eis</strong></span> <span class='ocrx_word' id='word_1_241' title='bbox 648 3373 775 3431; x_wconf 90' lang='lat' dir='ltr'><strong>similem</strong></span> <span class='ocrx_word' id='word_1_242' title='bbox 789 3373 821 3429; x_wconf 93' lang='lat' dir='ltr'><strong>in</strong></span> <span class='ocrx_word' id='word_1_243' title='bbox 837 3373 957 3430; x_wconf 92' lang='lat' dir='ltr'><strong>modum</strong></span> <span class='ocrx_word' id='word_1_244' title='bbox 973 3373 1154 3430; x_wconf 85' lang='lat' dir='ltr'><strong>conformata</strong></span> <span class='ocrx_word' id='word_1_245' title='bbox 1169 3373 1284 3449; x_wconf 87' lang='lat' dir='ltr'><strong>saepius</strong></span> <span class='ocrx_word' id='word_1_246' title='bbox 1299 3373 1398 3430; x_wconf 88' lang='lat' dir='ltr'><strong>redire</strong></span> 
     </span>
     <span class='ocr_line' id='line_1_27' title="bbox 204 3472 1396 3556; baseline -0.003 -18"><span class='ocrx_word' id='word_1_247' title='bbox 204 3481 372 3539; x_wconf 86' lang='lat' dir='ltr'><strong>adfirmavit</strong></span> <span class='ocrx_word' id='word_1_248' title='bbox 395 3485 425 3538; x_wconf 87' lang='lat' dir='ltr'><strong>et</strong></span> <span class='ocrx_word' id='word_1_249' title='bbox 445 3480 589 3556; x_wconf 89' lang='lat' dir='ltr'><strong>quaedam</strong></span> <span class='ocrx_word' id='word_1_250' title='bbox 610 3478 720 3536; x_wconf 89' lang='lat' dir='ltr'><strong>diserte</strong></span> <span class='ocrx_word' id='word_1_251' title='bbox 743 3477 930 3552; x_wconf 83' lang='lat' dir='ltr'><strong>significavit,</strong></span> <span class='ocrx_word' id='word_1_252' title='bbox 943 3472 965 3556; x_wconf 89' lang='lat'><strong>¹)</strong></span> <span class='ocrx_word' id='word_1_253' title='bbox 985 3477 1080 3536; x_wconf 85' lang='lat' dir='ltr'><strong>veluti</strong></span> <span class='ocrx_word' id='word_1_254' title='bbox 1096 3497 1139 3553; x_wconf 92' lang='lat' dir='ltr'><strong>pr.</strong></span> <span class='ocrx_word' id='word_1_255' title='bbox 1159 3481 1208 3548; x_wconf 87' lang='lat'><strong>33,</strong></span> <span class='ocrx_word' id='word_1_256' title='bbox 1225 3497 1239 3535; x_wconf 84' lang='lat'>4</span> <span class='ocrx_word' id='word_1_257' title='bbox 1259 3472 1343 3533; x_wconf 82' lang='grc' dir='ltr'>εἰπεῖν</span> <span class='ocrx_word' id='word_1_258' title='bbox 1363 3520 1396 3536; x_wconf 90' lang='grc'><strong>..</strong></span> 
     </span>
     <span class='ocr_line' id='line_1_28' title="bbox 206 3577 1397 3661; baseline -0.003 -20"><span class='ocrx_word' id='word_1_259' title='bbox 206 3581 340 3641; x_wconf 86' lang='grc' dir='ltr'>άπέπεικ’</span> <span class='ocrx_word' id='word_1_260' title='bbox 352 3581 467 3656; x_wconf 79' lang='grc' dir='ltr'>ἐμαυτδν</span> <span class='ocrx_word' id='word_1_261' title='bbox 480 3581 631 3660; x_wconf 73' lang='grc' dir='ltr'>συμφέρειν,</span> <span class='ocrx_word' id='word_1_262' title='bbox 648 3603 691 3658; x_wconf 91' lang='lat' dir='ltr'><strong>pr.</strong></span> <span class='ocrx_word' id='word_1_263' title='bbox 707 3585 757 3652; x_wconf 88' lang='lat'><strong>50,</strong></span> <span class='ocrx_word' id='word_1_264' title='bbox 770 3602 782 3639; x_wconf 95' lang='lat'>1</span> <span class='ocrx_word' id='word_1_265' title='bbox 798 3579 962 3648; x_wconf 83' lang='grc' dir='ltr'>άπεπεικὼς</span> <span class='ocrx_word' id='word_1_266' title='bbox 975 3578 1090 3652; x_wconf 80' lang='grc' dir='ltr'>ἐμαυτδν</span> <span class='ocrx_word' id='word_1_267' title='bbox 1102 3581 1228 3655; x_wconf 83' lang='grc' dir='ltr'>τυγχάνω</span> <span class='ocrx_word' id='word_1_268' title='bbox 1237 3577 1264 3661; x_wconf 75' lang='lat'><strong>²)</strong></span> <span class='ocrx_word' id='word_1_269' title='bbox 1277 3578 1397 3653; x_wconf 84' lang='grc' dir='ltr'>μάλιστα</span> 
     </span>
     <span class='ocr_line' id='line_1_29' title="bbox 205 3681 1396 3765; baseline -0.003 -21"><span class='ocrx_word' id='word_1_270' title='bbox 205 3688 399 3765; x_wconf 87' lang='grc' dir='ltr'>συμφέρειν..</span> <span class='ocrx_word' id='word_1_271' title='bbox 426 3685 488 3764; x_wconf 85' lang='grc' dir='ltr'>ἐρῶ,</span> <span class='ocrx_word' id='word_1_272' title='bbox 513 3707 556 3765; x_wconf 87' lang='lat' dir='ltr'><strong>pr.</strong></span> <span class='ocrx_word' id='word_1_273' title='bbox 581 3692 629 3757; x_wconf 88' lang='grc'><strong>19,</strong></span> <span class='ocrx_word' id='word_1_274' title='bbox 654 3706 665 3744; x_wconf 88' lang='lat'>1</span> <span class='ocrx_word' id='word_1_275' title='bbox 690 3681 773 3742; x_wconf 86' lang='grc' dir='ltr'>εἰπεῖν</span> <span class='ocrx_word' id='word_1_276' title='bbox 797 3684 960 3742; x_wconf 88' lang='grc' dir='ltr'>άπέπεικεν</span> <span class='ocrx_word' id='word_1_277' title='bbox 984 3683 1078 3741; x_wconf 80' lang='grc' dir='ltr'>ἑαυτδν</span> <span class='ocrx_word' id='word_1_278' title='bbox 1102 3683 1222 3756; x_wconf 86' lang='grc' dir='ltr'>μάλιστα</span> <span class='ocrx_word' id='word_1_279' title='bbox 1245 3684 1396 3764; x_wconf 87' lang='grc' dir='ltr'>συμφέρειν,</span> 
     </span>
     <span class='ocr_line' id='line_1_30' title="bbox 205 3784 1396 3870; baseline -0.004 -19"><span class='ocrx_word' id='word_1_280' title='bbox 205 3814 249 3870; x_wconf 91' lang='lat' dir='ltr'><strong>pr.</strong></span> <span class='ocrx_word' id='word_1_281' title='bbox 268 3797 316 3864; x_wconf 82' lang='grc'><strong>56,</strong></span> <span class='ocrx_word' id='word_1_282' title='bbox 334 3813 345 3850; x_wconf 91' lang='lat'>1</span> <span class='ocrx_word' id='word_1_283' title='bbox 364 3790 503 3850; x_wconf 77' lang='grc' dir='ltr'>πεπεικέθ</span> <span class='ocrx_word' id='word_1_284' title='bbox 515 3790 609 3848; x_wconf 81' lang='grc' dir='ltr'>ἐαυτδν</span> <span class='ocrx_word' id='word_1_285' title='bbox 631 3789 705 3866; x_wconf 82' lang='grc' dir='ltr'>ἔχειν</span> <span class='ocrx_word' id='word_1_286' title='bbox 725 3810 748 3847; x_wconf 82' lang='grc' dir='ltr'>τι</span> <span class='ocrx_word' id='word_1_287' title='bbox 769 3788 901 3868; x_wconf 76' lang='grc' dir='ltr'>συμφέρον</span> <span class='ocrx_word' id='word_1_288' title='bbox 922 3785 1005 3845; x_wconf 83' lang='grc' dir='ltr'>εἰπεῖν</span> <span class='ocrx_word' id='word_1_289' title='bbox 1026 3784 1231 3870; x_wconf 65' lang='grc' dir='ltr'>ἀνίστασθαιςί)</span> <span class='ocrx_word' id='word_1_290' title='bbox 1256 3810 1299 3866; x_wconf 91' lang='lat' dir='ltr'><strong>pr.</strong></span> <span class='ocrx_word' id='word_1_291' title='bbox 1320 3795 1396 3861; x_wconf 89' lang='lat'><strong>11,1</strong></span> 
     </span>
     <span class='ocr_line' id='line_1_31' title="bbox 205 3891 1395 3973; baseline -0.003 -18"><span class='ocrx_word' id='word_1_292' title='bbox 205 3897 333 3955; x_wconf 89' lang='grc' dir='ltr'>πέπεικεν</span> <span class='ocrx_word' id='word_1_293' title='bbox 346 3897 460 3965; x_wconf 83' lang='grc' dir='ltr'>ἕκαστος</span> <span class='ocrx_word' id='word_1_294' title='bbox 473 3895 575 3972; x_wconf 83' lang='grc' dir='ltr'>έαυτέν,</span> <span class='ocrx_word' id='word_1_295' title='bbox 588 3916 632 3973; x_wconf 87' lang='lat' dir='ltr'><strong>pr.</strong></span> <span class='ocrx_word' id='word_1_296' title='bbox 643 3900 692 3966; x_wconf 83' lang='grc'><strong>37,</strong></span> <span class='ocrx_word' id='word_1_297' title='bbox 706 3915 717 3952; x_wconf 93' lang='lat'>1</span> <span class='ocrx_word' id='word_1_298' title='bbox 729 3892 889 3960; x_wconf 75' lang='grc' dir='ltr'>πεπεικότος</span> <span class='ocrx_word' id='word_1_299' title='bbox 902 3892 989 3951; x_wconf 72' lang='grc' dir='ltr'>αὑτὸν.</span> <span class='ocrx_word' id='word_1_300' title='bbox 1000 3926 1041 3935; x_wconf 90' lang='grc'><strong>-</strong></span> <span class='ocrx_word' id='word_1_301' title='bbox 1054 3913 1097 3970; x_wconf 92' lang='lat' dir='ltr'><strong>pr.</strong></span> <span class='ocrx_word' id='word_1_302' title='bbox 1110 3899 1159 3964; x_wconf 85' lang='grc'><strong>99,</strong></span> <span class='ocrx_word' id='word_1_303' title='bbox 1172 3914 1185 3951; x_wconf 83' lang='grc'><strong>3</strong></span> <span class='ocrx_word' id='word_1_304' title='bbox 1199 3891 1243 3970; x_wconf 85' lang='grc' dir='ltr'>ἵν’,</span> <span class='ocrx_word' id='word_1_305' title='bbox 1256 3894 1289 3950; x_wconf 82' lang='grc' dir='ltr'><strong>ἂν</strong></span> <span class='ocrx_word' id='word_1_306' title='bbox 1302 3892 1353 3966; x_wconf 94' lang='grc' dir='ltr'><strong>μέν</strong></span> <span class='ocrx_word' id='word_1_307' title='bbox 1367 3937 1373 3950; x_wconf 97' lang='grc'>.</span> <span class='ocrx_word' id='word_1_308' title='bbox 1389 3939 1395 3952; x_wconf 95' lang='grc'>.</span> 
     </span>
     <span class='ocr_line' id='line_1_32' title="bbox 207 3995 1396 4078; baseline -0.004 -20"><span class='ocrx_word' id='word_1_309' title='bbox 207 3998 338 4078; x_wconf 82' lang='grc' dir='ltr'>διδάσκω,</span> <span class='ocrx_word' id='word_1_310' title='bbox 355 3996 378 4056; x_wconf 84' lang='grc' dir='ltr'>εί</span> <span class='ocrx_word' id='word_1_311' title='bbox 392 3998 423 4056; x_wconf 87' lang='grc' dir='ltr'>δέ</span> <span class='ocrx_word' id='word_1_312' title='bbox 437 3999 485 4077; x_wconf 83' lang='grc' dir='ltr'><strong>μή,</strong></span> <span class='ocrx_word' id='word_1_313' title='bbox 502 3996 567 4074; x_wconf 79' lang='grc' dir='ltr'>μήθ’</span> <span class='ocrx_word' id='word_1_314' title='bbox 576 3999 636 4072; x_wconf 72' lang='grc' dir='ltr'>ὑμῖν</span> <span class='ocrx_word' id='word_1_315' title='bbox 650 3997 758 4074; x_wconf 85' lang='grc' dir='ltr'>ἐνοχλῶ</span> <span class='ocrx_word' id='word_1_316' title='bbox 772 3996 835 4070; x_wconf 81' lang='grc' dir='ltr'>μήτ’</span> <span class='ocrx_word' id='word_1_317' title='bbox 846 3996 960 4070; x_wconf 79' lang='grc' dir='ltr'>ἐμαυτδν</span> <span class='ocrx_word' id='word_1_318' title='bbox 972 3997 1074 4073; x_wconf 73' lang='grc' dir='ltr'>κόπτω,</span> <span class='ocrx_word' id='word_1_319' title='bbox 1090 4018 1134 4074; x_wconf 88' lang='lat' dir='ltr'><strong>pr.</strong></span> <span class='ocrx_word' id='word_1_320' title='bbox 1149 4003 1198 4070; x_wconf 82' lang='lat'><strong>37,</strong></span> <span class='ocrx_word' id='word_1_321' title='bbox 1212 4019 1224 4056; x_wconf 78' lang='lat' dir='ltr'><strong>a</strong></span> <span class='ocrx_word' id='word_1_322' title='bbox 1238 3995 1272 4053; x_wconf 77' lang='grc' dir='ltr'><strong>ἵν’</strong></span> <span class='ocrx_word' id='word_1_323' title='bbox 1282 3995 1329 4054; x_wconf 84' lang='grc' dir='ltr'><strong>ἐὰν</strong></span> <span class='ocrx_word' id='word_1_324' title='bbox 1346 3996 1396 4070; x_wconf 88' lang='grc' dir='ltr'><strong>μέν</strong></span> 
     </span>
     <span class='ocr_line' id='line_1_33' title="bbox 208 4099 1395 4184; baseline -0.005 -20"><span class='ocrx_word' id='word_1_325' title='bbox 208 4151 214 4164; x_wconf 98' lang='grc'>.</span> <span class='ocrx_word' id='word_1_326' title='bbox 229 4151 237 4164; x_wconf 99' lang='grc'>.</span> <span class='ocrx_word' id='word_1_327' title='bbox 252 4103 401 4184; x_wconf 86' lang='grc' dir='ltr'>διδάσκῃ..</span> <span class='ocrx_word' id='word_1_328' title='bbox 415 4105 447 4160; x_wconf 87' lang='grc' dir='ltr'><strong>άν</strong></span> <span class='ocrx_word' id='word_1_329' title='bbox 457 4100 482 4159; x_wconf 87' lang='grc' dir='ltr'><strong>δ’</strong></span> <span class='ocrx_word' id='word_1_330' title='bbox 493 4150 499 4162; x_wconf 94' lang='grc'>.</span> <span class='ocrx_word' id='word_1_331' title='bbox 514 4148 521 4161; x_wconf 93' lang='grc'>.</span> <span class='ocrx_word' id='word_1_332' title='bbox 536 4100 601 4178; x_wconf 81' lang='grc' dir='ltr'>μήθ’</span> <span class='ocrx_word' id='word_1_333' title='bbox 610 4100 670 4176; x_wconf 81' lang='grc' dir='ltr'>ὑμῖν</span> <span class='ocrx_word' id='word_1_334' title='bbox 685 4099 788 4180; x_wconf 84' lang='grc' dir='ltr'>ἐνοχλῇ</span> <span class='ocrx_word' id='word_1_335' title='bbox 798 4101 862 4174; x_wconf 75' lang='grc' dir='ltr'>μήθ’</span> <span class='ocrx_word' id='word_1_336' title='bbox 872 4099 950 4158; x_wconf 67' lang='grc' dir='ltr'>αὑτὸν</span> <span class='ocrx_word' id='word_1_337' title='bbox 962 4103 1060 4182; x_wconf 75' lang='grc' dir='ltr'>κάπτρ.</span> <span class='ocrx_word' id='word_1_338' title='bbox 1072 4136 1111 4143; x_wconf 87' lang='lat'><em>-</em></span> <span class='ocrx_word' id='word_1_339' title='bbox 1122 4123 1165 4179; x_wconf 88' lang='lat' dir='ltr'><strong>pr.</strong></span> <span class='ocrx_word' id='word_1_340' title='bbox 1177 4107 1226 4175; x_wconf 85' lang='lat'><strong>33,</strong></span> <span class='ocrx_word' id='word_1_341' title='bbox 1235 4123 1248 4160; x_wconf 80' lang='grc' dir='ltr'>ι</span> <span class='ocrx_word' id='word_1_342' title='bbox 1258 4101 1319 4171; x_wconf 81' lang='grc' dir='ltr'>τοὺς</span> <span class='ocrx_word' id='word_1_343' title='bbox 1332 4121 1395 4158; x_wconf 88' lang='grc' dir='ltr'>συν-</span> 
     </span>
     <span class='ocr_line' id='line_1_34' title="bbox 208 4201 1394 4288; baseline -0.003 -22"><span class='ocrx_word' id='word_1_344' title='bbox 208 4208 367 4288; x_wconf 84' lang='grc' dir='ltr'>αιρομένους</span> <span class='ocrx_word' id='word_1_345' title='bbox 382 4207 462 4284; x_wconf 83' lang='grc' dir='ltr'>ὑμᾶς,</span> <span class='ocrx_word' id='word_1_346' title='bbox 483 4229 526 4284; x_wconf 89' lang='lat' dir='ltr'><strong>pr.</strong></span> <span class='ocrx_word' id='word_1_347' title='bbox 544 4213 594 4279; x_wconf 89' lang='grc'>41,</span> <span class='ocrx_word' id='word_1_348' title='bbox 612 4227 624 4266; x_wconf 82' lang='lat' dir='ltr'><strong>n</strong></span> <span class='ocrx_word' id='word_1_349' title='bbox 641 4203 759 4280; x_wconf 85' lang='grc' dir='ltr'>μηδενδς</span> <span class='ocrx_word' id='word_1_350' title='bbox 775 4206 849 4279; x_wconf 80' lang='grc' dir='ltr'>ὑμῶν</span> <span class='ocrx_word' id='word_1_351' title='bbox 865 4204 952 4279; x_wconf 82' lang='grc' dir='ltr'>μηδὲν</span> <span class='ocrx_word' id='word_1_352' title='bbox 964 4201 1192 4287; x_wconf 61' lang='grc' dir='ltr'>συναραμένουί)</span> <span class='ocrx_word' id='word_1_353' title='bbox 1204 4240 1245 4250; x_wconf 91' lang='grc'>-</span> <span class='ocrx_word' id='word_1_354' title='bbox 1261 4228 1304 4283; x_wconf 84' lang='lat' dir='ltr'><strong>pr.</strong></span> <span class='ocrx_word' id='word_1_355' title='bbox 1324 4211 1352 4277; x_wconf 90' lang='grc'>6,</span> <span class='ocrx_word' id='word_1_356' title='bbox 1369 4227 1394 4277; x_wconf 94' lang='lat'><strong>1;</strong></span> 
     </span>
     <span class='ocr_line' id='line_1_35' title="bbox 208 4307 1393 4391; baseline -0.004 -20"><span class='ocrx_word' id='word_1_357' title='bbox 208 4319 257 4384; x_wconf 89' lang='grc'>31,</span> <span class='ocrx_word' id='word_1_358' title='bbox 272 4334 297 4391; x_wconf 80' lang='lat'><strong>¹3</strong></span> <span class='ocrx_word' id='word_1_359' title='bbox 313 4316 362 4384; x_wconf 88' lang='lat'><strong>53,</strong></span> <span class='ocrx_word' id='word_1_360' title='bbox 373 4333 385 4370; x_wconf 79' lang='grc' dir='ltr'>ν</span> <span class='ocrx_word' id='word_1_361' title='bbox 398 4310 462 4368; x_wconf 82' lang='grc' dir='ltr'>ἄνευ</span> <span class='ocrx_word' id='word_1_362' title='bbox 473 4310 598 4390; x_wconf 90' lang='grc' dir='ltr'>κρίσεως.</span> <span class='ocrx_word' id='word_1_363' title='bbox 608 4345 650 4354; x_wconf 90' lang='lat'><em>-</em></span> <span class='ocrx_word' id='word_1_364' title='bbox 662 4333 706 4388; x_wconf 91' lang='lat' dir='ltr'><strong>pr.</strong></span> <span class='ocrx_word' id='word_1_365' title='bbox 719 4317 767 4384; x_wconf 88' lang='lat'><strong>18,</strong></span> <span class='ocrx_word' id='word_1_366' title='bbox 781 4309 880 4368; x_wconf 80' lang='grc' dir='ltr'>υπάνθ</span> <span class='ocrx_word' id='word_1_367' title='bbox 890 4307 1036 4381; x_wconf 87' lang='grc' dir='ltr'>ὑπομείνας</span> <span class='ocrx_word' id='word_1_368' title='bbox 1048 4308 1170 4388; x_wconf 82' lang='grc' dir='ltr'>ἀκοῦσαι,</span> <span class='ocrx_word' id='word_1_369' title='bbox 1183 4332 1226 4386; x_wconf 91' lang='lat' dir='ltr'><strong>pr.</strong></span> <span class='ocrx_word' id='word_1_370' title='bbox 1239 4317 1287 4382; x_wconf 90' lang='grc'><strong>19,</strong></span> <span class='ocrx_word' id='word_1_371' title='bbox 1301 4307 1393 4369; x_wconf 75' lang='grc' dir='ltr'>αὑπο-</span> 
     </span>
    </p>
   </div>
   <div class='ocr_carea' id='block_1_10' title="bbox 308 4481 1393 4811">
    <p class='ocr_par' dir='ltr' id='par_1_11' title="bbox 311 4481 943 4548">
     <span class='ocr_line' id='line_1_36' title="bbox 311 4481 943 4548; baseline -0.006 -16"><span class='ocrx_word' id='word_1_372' title='bbox 311 4482 330 4548; x_wconf 89' lang='grc'><strong>1)</strong></span> <span class='ocrx_word' id='word_1_373' title='bbox 349 4484 389 4532; x_wconf 94' lang='lat' dir='ltr'><strong>III</strong></span> <span class='ocrx_word' id='word_1_374' title='bbox 410 4485 433 4545; x_wconf 88' lang='lat'><strong>1,</strong></span> <span class='ocrx_word' id='word_1_375' title='bbox 452 4484 503 4532; x_wconf 79' lang='lat'><strong>284</strong></span> <span class='ocrx_word' id='word_1_376' title='bbox 521 4499 560 4547; x_wconf 88' lang='lat' dir='ltr'><strong>sq.</strong></span> <span class='ocrx_word' id='word_1_377' title='bbox 578 4483 607 4530; x_wconf 91' lang='lat' dir='ltr'><strong>in</strong></span> <span class='ocrx_word' id='word_1_378' title='bbox 626 4483 718 4547; x_wconf 87' lang='lat' dir='ltr'><strong>primis</strong></span> <span class='ocrx_word' id='word_1_379' title='bbox 736 4481 796 4530; x_wconf 85' lang='lat' dir='ltr'><strong>adn.</strong></span> <span class='ocrx_word' id='word_1_380' title='bbox 812 4483 824 4529; x_wconf 94' lang='lat'>1</span> <span class='ocrx_word' id='word_1_381' title='bbox 845 4496 870 4545; x_wconf 92' lang='lat' dir='ltr'><strong>p.</strong></span> <span class='ocrx_word' id='word_1_382' title='bbox 885 4481 943 4528; x_wconf 79' lang='lat'><strong>285.</strong></span> 
     </span>
    </p>

    <p class='ocr_par' dir='ltr' id='par_1_12' title="bbox 310 4565 1289 4637">
     <span class='ocr_line' id='line_1_37' title="bbox 310 4565 1289 4637; baseline -0.007 -16"><span class='ocrx_word' id='word_1_383' title='bbox 310 4571 331 4637; x_wconf 73' lang='lat'><strong>²)</strong></span> <span class='ocrx_word' id='word_1_384' title='bbox 349 4571 523 4636; x_wconf 87' lang='lat' dir='ltr'><strong>Perspicuum</strong></span> <span class='ocrx_word' id='word_1_385' title='bbox 543 4575 583 4619; x_wconf 87' lang='lat' dir='ltr'><strong>est</strong></span> <span class='ocrx_word' id='word_1_386' title='bbox 600 4565 714 4637; x_wconf 89' lang='grc' dir='ltr'>τυγχάνω</span> <span class='ocrx_word' id='word_1_387' title='bbox 733 4569 844 4618; x_wconf 84' lang='lat' dir='ltr'><strong>verbum</strong></span> <span class='ocrx_word' id='word_1_388' title='bbox 861 4567 906 4616; x_wconf 92' lang='lat' dir='ltr'><strong>hic</strong></span> <span class='ocrx_word' id='word_1_389' title='bbox 924 4567 994 4630; x_wconf 86' lang='lat' dir='ltr'><strong>addi,</strong></span> <span class='ocrx_word' id='word_1_390' title='bbox 1013 4572 1043 4615; x_wconf 90' lang='lat' dir='ltr'><strong>ut</strong></span> <span class='ocrx_word' id='word_1_391' title='bbox 1061 4568 1179 4615; x_wconf 84' lang='lat' dir='ltr'><strong>varietur</strong></span> <span class='ocrx_word' id='word_1_392' title='bbox 1197 4567 1289 4614; x_wconf 83' lang='lat' dir='ltr'><strong>oratio.</strong></span> 
     </span>
    </p>

    <p class='ocr_par' dir='ltr' id='par_1_13' title="bbox 309 4647 1075 4722">
     <span class='ocr_line' id='line_1_38' title="bbox 309 4647 1075 4722; baseline -0.009 -15"><span class='ocrx_word' id='word_1_393' title='bbox 309 4658 329 4722; x_wconf 74' lang='lat'><strong>³)</strong></span> <span class='ocrx_word' id='word_1_394' title='bbox 349 4658 389 4707; x_wconf 83' lang='lat' dir='ltr'><strong>cf.</strong></span> <span class='ocrx_word' id='word_1_395' title='bbox 409 4659 490 4707; x_wconf 86' lang='lat' dir='ltr'><strong>etiam</strong></span> <span class='ocrx_word' id='word_1_396' title='bbox 509 4672 546 4708; x_wconf 76' lang='lat' dir='ltr'><strong>or,</strong></span> <span class='ocrx_word' id='word_1_397' title='bbox 559 4657 583 4705; x_wconf 87' lang='lat' dir='ltr'>V</span> <span class='ocrx_word' id='word_1_398' title='bbox 601 4658 617 4706; x_wconf 84' lang='lat'><strong>3</strong></span> <span class='ocrx_word' id='word_1_399' title='bbox 636 4653 676 4704; x_wconf 82' lang='grc' dir='ltr'><strong>καὶ</strong></span> <span class='ocrx_word' id='word_1_400' title='bbox 693 4651 810 4711; x_wconf 85' lang='grc' dir='ltr'>πεπεικὼς</span> <span class='ocrx_word' id='word_1_401' title='bbox 830 4647 932 4720; x_wconf 71' lang='grc' dir='ltr'>ἐμαυτὸν</span> <span class='ocrx_word' id='word_1_402' title='bbox 950 4650 1075 4715; x_wconf 83' lang='grc' dir='ltr'>ἀνέστηκα.</span> 
     </span>
    </p>

    <p class='ocr_par' dir='ltr' id='par_1_14' title="bbox 308 4737 1393 4811">
     <span class='ocr_line' id='line_1_39' title="bbox 308 4737 1393 4811; baseline -0.006 -16"><span class='ocrx_word' id='word_1_403' title='bbox 308 4745 329 4811; x_wconf 81' lang='lat'><strong>⁴)</strong></span> <span class='ocrx_word' id='word_1_404' title='bbox 348 4746 452 4795; x_wconf 83' lang='lat' dir='ltr'><strong>Profert</strong></span> <span class='ocrx_word' id='word_1_405' title='bbox 470 4746 551 4794; x_wconf 84' lang='lat' dir='ltr'><strong>etiam</strong></span> <span class='ocrx_word' id='word_1_406' title='bbox 570 4760 607 4795; x_wconf 91' lang='lat' dir='ltr'><strong>or.</strong></span> <span class='ocrx_word' id='word_1_407' title='bbox 626 4745 639 4792; x_wconf 93' lang='lat' dir='ltr'><strong>l</strong></span> <span class='ocrx_word' id='word_1_408' title='bbox 658 4747 691 4794; x_wconf 79' lang='lat'><strong>24</strong></span> <span class='ocrx_word' id='word_1_409' title='bbox 709 4743 790 4794; x_wconf 85' lang='grc' dir='ltr'>δεῖ..</span> <span class='ocrx_word' id='word_1_410' title='bbox 810 4740 872 4808; x_wconf 78' lang='grc' dir='ltr'>ὑμᾶς</span> <span class='ocrx_word' id='word_1_411' title='bbox 892 4778 919 4792; x_wconf 93' lang='grc'><strong>..</strong></span> <span class='ocrx_word' id='word_1_412' title='bbox 938 4739 1041 4808; x_wconf 83' lang='grc' dir='ltr'>ἑτοίμως</span> <span class='ocrx_word' id='word_1_413' title='bbox 1055 4738 1203 4808; x_wconf 81' lang='grc' dir='ltr'>συνάρασθαι</span> <span class='ocrx_word' id='word_1_414' title='bbox 1215 4737 1244 4789; x_wconf 81' lang='grc' dir='ltr'>τὰ</span> <span class='ocrx_word' id='word_1_415' title='bbox 1256 4738 1393 4806; x_wconf 78' lang='grc' dir='ltr'>πράγματα.</span> 
     </span>
    </p>
   </div>
   <div class='ocr_carea' id='block_1_11' title="bbox 0 0 1774 5536">
    <p class='ocr_par' dir='ltr' id='par_1_15' title="bbox 0 0 1774 5536">
     <span class='ocr_line' id='line_1_40' title="bbox 0 0 1774 5536; baseline 0 0"><span class='ocrx_word' id='word_1_416' title='bbox 0 0 1774 5536; x_wconf 95' lang='lat' dir='ltr'><strong> </strong></span> 
     </span>
    </p>
   </div>
  </div>
 </body>
</html>
