3530 5536
720 531 938 584 ..81-

855 716 958 794 λύγους
993 713 1203 789 ἀποδοκιμάζειν
1234 712 1295 795 πρὶν
1326 713 1426 774 εἰδέναι

856 825 967 898 σαφῶς.
982 865 989 880 .
1012 823 1071 880 huc
1084 822 1175 880 etiam
1189 821 1341 898 pertinent
1353 823 1426 878 tales

856 926 923 997 loci,
948 927 1049 1003 quales
1071 930 1152 983 runt:
1176 927 1262 984 Dem.
1284 944 1326 983 or.
1348 929 1376 996 4,
1402 944 1427 982 ιι

858 1027 969 1088 ἐπειδὰν
986 1028 1081 1088 ἅπαντ’
1091 1024 1236 1109 ἀκούσητε,
1252 1027 1370 1107 κρίνατε,
1388 1027 1426 1102 μὴ

857 1135 987 1212 πρότερον
999 1132 1221 1212 προλαμβάνετε,
1238 1155 1280 1193 cr.
1295 1138 1322 1205 5,
1339 1153 1365 1192 ιο
1380 1130 1427 1191 καί

858 1257 904 1311 μοι
918 1237 955 1311 μὴ
969 1236 1105 1318 θορυβήσῃ
1122 1235 1220 1312 μηδεὶς
1231 1233 1291 1316 πρὶν
1305 1219 1425 1295 ἀκούσαι.

856 1335 967 1424 [Demi
983 1362 1025 1400 cr.
1042 1347 1090 1413 13,
1108 1362 1120 1400 3
1135 1340 1183 1399 καί
1198 1361 1244 1416 μοι
1256 1340 1294 1415 μὴ
1307 1340 1354 1419 θορ
1372 1337 1426 1413 βή-
1470 1426 1473 1430 1

774 1478 778 1484 .
856 1439 998 1524 σητ’ἐφ’ᾧ
1019 1444 1119 1518 μέλλω
1138 1445 1243 1524 λέγειν,
1264 1439 1426 1504 ἀλλ’άκού-

857 1568 952 1620 σαντες
967 1546 1085 1628 κρίνατε,
1101 1551 1170 1608 alia.

339 1691 433 1749 Venio
449 1692 485 1748 ad
503 1692 574 1748 duos
589 1692 676 1760 locos,
694 1689 725 1746 in
741 1689 848 1766 quibus
862 1690 942 1746 haud
959 1690 1068 1764 exigua
1083 1690 1161 1749 inest
1176 1691 1321 1764 gravitas:

301 1851 345 1906 pr.
365 1834 413 1902 10,
432 1850 442 1887 1
459 1850 521 1907 sqq.
538 1823 571 1884 Ei
591 1825 641 1900 μὲν
658 1825 802 1904 ἐγνώκατ’,
920 1831 1011 1886 Isocr.
1029 1849 1070 1886 or.
1090 1834 1117 1900 8,
1139 1849 1151 1888 a
1167 1850 1230 1908 qq.
1246 1827 1301 1907 χρὴ
1319 1827 1350 1886 δέ
1365 1827 1427 1899 τούς

238 1929 260 1991 ὦ
283 1934 309 1992 ά.
334 1933 385 2011 Ἄ,
413 1913 442 1990 τῖ’
460 1929 598 2003 βέλτιστον
621 1932 651 1988 δν
674 1932 804 2009 τυγχάνει
855 1934 916 1989 νοῦν
938 1931 1053 2007 έχοντας
1071 1929 1134 2011 περὶ
1154 1931 1205 2006 μὲν
1226 1925 1263 1989 ών
1284 1931 1365 2011 ἴσασι,
1388 1933 1425 2006 μὴ

237 2033 337 2116 πρᾶξαι
347 2037 408 2115 περὶ
423 2041 477 2094 τών
489 2036 638 2114 παρέντων,
655 2035 804 2114 ἁμάρτημα
858 2033 1044 2113 βουλεύεσθαι,
1075 2035 1219 2115 περίεργον
1249 2037 1317 2116 γάρ,
1349 2035 1427 2095 ἀλλὰ

236 2142 266 2199 τ“ο
292 2140 485 2215 συμβουλεύειν
511 2139 677 2218 προτιθέναι·
706 2141 724 2197 ά
749 2137 804 2217 γάρ
856 2141 981 2218 πράττειν
1002 2140 1041 2210 ὡς
1061 2133 1206 2220 ἐγνώκασι,
1227 2137 1288 2219 περὶ
1306 2133 1343 2198 ὧν
1360 2139 1384 2198 δ’
1395 2143 1426 2198 ἂν

238 2241 311 2304 αὐτοὶ
332 2242 392 2324 πρὶν
416 2243 528 2303 ἀκούσαι
551 2243 713 2317 δοκιμάζετε
734 2263 803 2315 συμ-
857 2242 1049 2321 βουλεύωνται,
1074 2243 1112 2318 μὴ
1136 2242 1253 2319 νομίζειν
1276 2241 1377 2303 εἰδέναι
1397 2245 1427 2302 τδ

237 2350 334 2428 φέρειν,
357 2348 382 2406 τί
402 2347 444 2407 δεῖ
462 2347 534 2407 ταῦτ’
548 2347 694 2418 ἀκούοντας
715 2346 803 2422 μάτην
857 2347 1073 2426 συμβησόμενον,
1087 2347 1154 2407 ἀλλ’
1162 2350 1200 2419 ὡς
1209 2345 1276 2428 δόξῃ
1285 2347 1335 2421 μὲν
1347 2369 1426 2428 χρω-

238 2452 423 2531 ἐνσχλεῖσθαιρ
445 2450 468 2510 εἰ
485 2449 516 2510 δὲ
532 2453 658 2510 σκοπεῖτε
673 2448 720 2509 καὶ
737 2449 804 2522 βου-
858 2452 965 2531 μένους,
982 2451 1035 2511 ὅτι
1052 2455 1083 2510 ἂν
1099 2452 1168 2533 τύχη
1186 2451 1217 2510 δὲ
1232 2454 1426 2533 γενησόμενον,

236 2554 391 2628 λεύεσθὼς
403 2556 499 2615 ἐκτῶν
516 2555 709 2635 ῥηθησομένων
726 2554 803 2614 δοκι·
858 2555 926 2614 ούτω
939 2555 1101 2615 διανοεῖσθαι
1113 2554 1175 2637 περὶ
1187 2557 1283 2617 autur.
1301 2549 1338 2615 ὧν
1350 2557 1427 2632 ὑμεῖς

237 2665 320 2734 μάσαι
333 2661 405 2739 δέον,
418 2659 468 2718 σύκ
478 2660 565 2740 δρθῶς
579 2659 639 2737 ἐ’χει
648 2660 678 2718 τδ
687 2659 804 2718 κωλύειν

236 2765 297 2836 τούς
319 2765 503 2840 βουλομένους
524 2763 619 2841 λέγειν
640 2809 647 2824 .
670 2808 677 2823 .
700 2763 755 2822 έστι
778 2762 802 2821 δ’

237 2871 399 2947 ἁμαρτάνειν
416 2867 466 2943 μέν
483 2866 659 2943 βουλομένων
674 2868 704 2925 τ“ο
720 2887 804 2926 συνα-

237 2974 383 3052 ναγκάζειν
397 2974 443 3032 τον
458 2974 598 3052 παριόντα,
622 2974 639 3031 ά
662 2972 804 3050 βούλεσθε,

238 3077 341 3156 λέγειν,
370 3077 576 3155 βουλευομένων
602 3075 625 3133 δ’
639 3074 806 3146 ἀκούσαντας

239 3184 256 3240 ά
278 3183 424 3258 γιγνώσκει
447 3183 568 3260 σκοπεῖν,
591 3179 642 3239 κάν
665 3200 690 3238 τι
709 3179 806 3249 καλῶς

240 3287 301 3368 έχη,
313 3286 440 3365 χρῆσθαι.
456 3285 534 3363 λέγω
548 3283 578 3343 δὲ
590 3288 671 3343 ταῦτα
681 3331 688 3344 .
699 3329 706 3344 .
717 3284 805 3342 ἐκεῖνο

240 3388 330 3468 εἰδώς,
351 3391 400 3467 ὅτι,
422 3392 453 3446 ἂν
475 3389 525 3463 μὲν
546 3389 584 3464 μὴ
601 3388 737 3463 θελήσητε
752 3387 806 3446 τῶν

241 3493 437 3571 ἀντιλεγόντων
468 3492 589 3571 ἀκούσαι,
622 3489 807 3567 ἐξηπατῆσθαι

240 3601 365 3677 φήσουσιν
387 3597 470 3676 ὑμᾶς,
494 3600 526 3655 ἂν
547 3597 571 3656 δ’
585 3597 749 3668 ἀκούσαντες
768 3598 806 3672 μὴ

240 3704 377 3781 πεισθῆτε,
405 3699 624 3780 ἐξεληλεγμένοι
646 3703 806 3783 παραχρῆμ’

242 3807 346 3866 ἔσονται
368 3807 402 3866 τὰ
423 3807 509 3888 χείρω
531 3811 734 3886 παραινοῦντες.
769 3811 807 3866 cf.

858 2659 998 2739 ούδέτερον
1025 2663 1175 2738 τυγχάνετε
1197 2664 1336 2731 ποιοῦντες
1359 2660 1427 2720 ἀλλ’

858 2765 896 2834 ὡς
912 2754 967 2822 οἶόν
982 2784 1013 2822 τε
1028 2764 1261 2844 ταραχωδέστατα
1279 2763 1425 2824 διάκεισθε.

858 2867 1061 2942 συνεληλύθατε
1082 2868 1132 2944 μὲν
1151 2869 1205 2949 γὰρ
1225 2871 1263 2940 ὡς
1280 2869 1342 2928 δέον
1359 2871 1428 2944 ύμσῖς

859 2969 889 3044 ἐξ
902 2973 1027 3032 ἁπάντων
1039 2979 1092 3032 τῶν
1109 2973 1243 3053 ῥηθέντων
1261 2971 1428 3046 ἐκλέξασθαι

857 3078 887 3136 τ“ο
915 3075 1065 3154 βέλτιστον,
1097 3079 1189 3160 ὥσπερ
1216 3078 1241 3138 δ’
1254 3079 1308 3154 ἤδη
1336 3086 1429 3158 σαφῶς

859 3179 972 3259 εἰδότες,
989 3182 1150 3260 θπρακτέον
1163 3182 1242 3261 ἐστίν,
1260 3183 1310 3242 σύκ
1322 3183 1428 3242 ἐθέλετ’

859 3285 967 3344 ἀκούειν
979 3285 1052 3360 πλὴν
1066 3292 1119 3345 τῶν
1134 3287 1202 3364 πρδς
1217 3286 1318 3360 ἡδονὴν
1335 3287 1427 3362 δημη-

859 3393 1021 3470 γορούντων.
1066 3390 1154 3449 καίτοι
1183 3397 1320 3468 προσῆκεν
1348 3390 1427 3470 ύμοῖς,

860 3493 936 3571 εἴπερ
958 3492 1112 3568 ἠβούλεσθε
1135 3497 1223 3569 ζητεῖν
1246 3495 1276 3552 τ“ο
1296 3499 1329 3575 τῇ
1348 3495 1430 3554 πόλει

860 3599 1004 3678 συμφέρον,
1021 3598 1131 3671 μᾶλλον
1147 3600 1203 3669 τοῖς
1218 3597 1430 3673 ἐναντιουμένοις

860 3705 919 3774 ταῖς
931 3702 1073 3782 ὑμετέραις
1086 3697 1209 3781 γνώμαις
1224 3705 1369 3783 προσέχειν
1384 3705 1430 3763 τον

861 3812 922 3866 νοῦν
937 3810 954 3881 ἡ
971 3808 1027 3878 τοῖς
1039 3809 1301 3886 καταχαριζομένοις
1314 3805 1430 3887 εἰδότας,

862 3913 978 3970 ὅτιτῶν
1002 3910 1098 3970 ἐνθάδε
1120 3913 1271 3989 παριόντων
1295 3911 1320 3970 οἱ
1343 3910 1432 3986 μένά

863 4015 995 4090 βούλεσθε
1016 4015 1148 4094 λέγοντες
1171 4013 1273 4097 ῥᾳδίως
1294 4013 1431 4088 ἐξαπατᾶν

863 4120 1010 4179 δύνανται.
1028 4164 1036 4178 .

170 3991 172 3997 γ
241 3914 331 3971 etiam
345 3934 389 3990 pr.
404 3917 454 3984 47,
471 3933 527 3989 ap.
543 3918 591 3971 18.

242 4245 299 4338 qrio
321 4263 439 4320 facilius
461 4263 534 4320 haec
556 4261 720 4319 similitudo
740 4268 802 4320 tam
821 4266 881 4322 late
901 4266 1004 4339 patens
1024 4261 1230 4337 perspiciatur,
1254 4267 1349 4319 totum
1369 4263 1432 4318 fere

242 4366 424 4442 prooemium
447 4371 486 4424 10
507 4366 661 4442 exscripsi.
692 4367 775 4424 cuius
796 4373 825 4426 et
848 4367 970 4426 initium
990 4370 1020 4422 et
1042 4364 1110 4422 finis
1130 4365 1238 4422 mirum
1261 4365 1293 4422 in
1313 4367 1433 4423 modum

243 4471 381 4530 convenit
396 4490 463 4528 cum
479 4471 616 4528 Isocratis
631 4472 708 4528 loco:
731 4470 766 4528 ‘si
783 4473 834 4551 qui
850 4474 1033 4547 compertum
1047 4470 1186 4540 habeant,
1203 4469 1275 4546 quid
1294 4471 1330 4526 dc
1346 4472 1433 4527 rebus

243 4574 417 4651 quibusdam
432 4575 529 4632 facere
542 4574 685 4650 optimum
698 4575 746 4647 sit,
764 4595 919 4651 perperam
934 4574 1041 4643 facere,
1059 4573 1084 4630 si
1097 4593 1145 4630 eas
1157 4575 1193 4630 ad
1210 4573 1433 4631 deliberandum

243 4684 420 4754 proponant;
445 4679 491 4736 sin
514 4680 715 4750 convenerint,
740 4686 890 4758 tamquam
913 4699 951 4735 cx
976 4678 1028 4748 eis,
1053 4697 1129 4753 quae
1149 4677 1228 4735 dicta
1250 4677 1372 4750 fuerint,
1398 4679 1434 4736 de

243 4785 330 4841 rebus
352 4785 541 4842 statuendum
564 4783 612 4854 sit,
636 4786 801 4843 cavendum
821 4803 884 4841 esse
904 4785 941 4841 ab
961 4783 1013 4853 eis,
1037 4783 1088 4859 qui
1108 4782 1228 4839 auribus
1248 4782 1433 4839 audientium

296 4891 435 4939 chbcda,
451 4891 482 4930 De
492 4890 602 4930 Demosth.
614 4901 707 4939 procem.
1245 4883 1261 4930 6
