3530 5536
831 509 1045 564 ..92-

343 713 420 772 φααιν
443 691 467 752 οἱ
489 695 551 753 τότε
572 691 713 764 πείσαντες
739 699 819 774 φανῇ,
848 740 855 754 .
880 742 887 754 .
911 694 949 764 ὡς
972 693 1092 772 ἔλεγχον
1116 693 1266 770 δεδωκότα,
1296 715 1364 754 nem
1386 695 1410 752 si
1433 697 1533 756 fucum

342 799 471 860 fecerint
490 799 731 879 (παρεκρούσαντο)
751 796 776 858 σί
790 799 851 856 τάτε
865 796 1017 876 πείσαντες,
1038 805 1140 877 postca
1156 820 1214 858 non
1230 805 1311 858 recte
1326 800 1420 875 egisse
1435 801 1533 861 videri

343 910 495 982 potoruut;
517 905 542 962 si
562 924 619 962 non
640 903 775 975 fecerint,
797 904 858 962 dici
879 905 983 983 nequit
1003 904 1044 962 ὅτ’
1057 904 1088 962 ἀν
1108 922 1148 972 τις
1169 902 1238 978 ύμοῖς
1255 947 1261 961 .
1280 947 1287 962 .
1303 903 1532 982 παρακρούσηται.

343 1015 408 1069 tum
429 1030 473 1086 pr.
499 1011 549 1080 53,
578 1029 589 1068 1
616 1009 690 1068 hacc
712 1010 816 1069 verba:
845 1001 921 1079 ἀξιον
948 1006 973 1066 δ’
990 1008 1041 1085 ούχ
1063 1007 1131 1066 ούτω
1153 1006 1256 1078 τούτοις
1280 1005 1433 1082 ἐπιτιμῆσαι
1456 1004 1534 1089 (ἴσως

343 1111 397 1191 γὰρ
413 1111 481 1192 ὀργῇ
500 1108 548 1171 καὶ
562 1109 713 1192 φιλονεικίᾳ
727 1114 812 1171 ταῖτα
825 1112 976 1192 πράττουσι,
995 1109 1043 1171 καὶ
1056 1112 1087 1172 τδ
1108 1111 1235 1190 μέγιστον
1252 1111 1386 1189 ἁπάντων,
1407 1113 1447 1170 ὅτι
1463 1132 1532 1187 συμ-

343 1218 417 1296 φέρει
431 1219 514 1276 ταῖιτα
528 1217 613 1274 ποιεῖν
629 1211 740 1297 αὐτοῖς),
762 1214 829 1276 ἀλλ’
838 1215 899 1291 ὑμῖν
915 1218 1070 1276 inhoneste
1091 1218 1121 1276 in
1138 1217 1360 1277 excusationem
1378 1218 1532 1278 hominum

345 1325 543 1401 improborum
563 1323 643 1382 dicta
663 1323 792 1382 maxime
812 1324 972 1381 abhorrent
991 1326 1027 1381 ab
1050 1323 1221 1398 integritate
1242 1342 1275 1381 ac
1294 1323 1453 1383 severitate
1473 1326 1531 1382 Dc-

343 1427 513 1498 mcsthcnis,
543 1427 594 1505 qui
617 1427 738 1505 quidem
760 1429 919 1486 excusabat
941 1447 999 1498 eos,
1028 1427 1079 1505 qui
1102 1427 1277 1486 necessitate
1300 1427 1392 1486 coacti
1420 1428 1531 1506 aliquid

342 1532 558 1603 commiserant,
583 1551 641 1589 non
664 1534 823 1591 excusabat
843 1532 979 1590 homines
1002 1531 1162 1590 insolentes
1184 1537 1215 1589 et
1237 1532 1365 1608 partium
1388 1535 1436 1592 vel
1458 1533 1531 1592 lucri

343 1636 501 1707 studiosos;
523 1637 561 1695 cf.
578 1655 619 1694 or.
637 1639 687 1707 45,
709 1656 734 1694 ιιι
754 1636 811 1704 τοῖς
827 1633 877 1709 μὲν
892 1632 946 1712 γάρ
966 1634 984 1708 ἡ
1004 1639 1052 1708 τῆς
1067 1633 1163 1714 χρείας
1180 1632 1286 1711 ἀνάγκη
1301 1634 1375 1714 φέρει
1390 1633 1449 1693 τινά
1464 1655 1530 1712 συγ-

342 1740 454 1816 γνώμην
474 1733 549 1819 παρὰ
567 1741 623 1810 τοῖς
643 1737 816 1818 ἀνθρωπίνως
836 1738 1041 1816 λογιζομένοις·
1066 1737 1091 1798 οἱ
1111 1736 1182 1798 δ’ἐκ
1200 1738 1377 1818 περιουσίας.
1396 1785 1402 1798 .
1419 1737 1532 1819 πονηροὶ

342 1839 470 1917 οθδεμίαν
481 1846 612 1922 πρόφασιν
629 1842 734 1902 δικαίαν
751 1843 843 1919 ἔχοιεν
859 1846 891 1900 ἂν
908 1839 1001 1920 εἰπεῖν,
1018 1842 1085 1902 ἀλλ’
1096 1839 1307 1924 αἰσχροκερδείᾳ
1322 1840 1369 1902 καὶ
1383 1840 1532 1926 πλεονεξίᾳ

341 1944 388 2006 καὶ
410 1947 486 2029 ύβρει
507 1945 554 2006 καὶ
575 1944 614 2026 τῷ
636 1946 685 2017 τὰς
708 1946 794 2006 αύτιῖιν
818 1949 956 2016 συστάσεις
978 1947 1143 2026 κυριυντέρας
1165 1951 1218 2005 τῶν
1241 1948 1331 2020 νόμων
1352 1943 1442 2020 ἀξιοῦν
1463 1942 1531 2008 εἶναι

340 2055 424 2111 ταῦτα
438 2054 600 2130 φανήσονται
614 2053 785 2130 πράττοντες.
808 2058 941 2111 cetorum
955 2057 1036 2111 recto
1052 2053 1179 2111 offendit
1194 2055 1312 2112 Dobrcc
1329 2054 1359 2112 in
1378 2052 1531 2127 ἐπιτιμῆσαι

342 2158 512 2216 desiderans
527 2157 662 2230 θαυμάσαι
676 2163 728 2215 aut
744 2154 942 2233 ἀγανακτῆσαι.
975 2163 1113 2233 peccatur
1128 2157 1257 2234 donique
1273 2158 1423 2216 interdum
1439 2158 1469 2215 in
1485 2179 1529 2230 co,

342 2263 418 2341 quod
435 2283 510 2340 quae
526 2264 557 2321 in
572 2263 706 2321 oratione
721 2262 821 2340 alique
832 2261 1040 2320 Demosthenis
1057 2262 1093 2319 de
1106 2262 1194 2320 certis
1211 2263 1385 2339 quibusdam
1401 2263 1531 2339 personis

342 2367 421 2426 diota
437 2373 505 2426 suut
520 2370 596 2426 male
611 2369 646 2424 ad
664 2367 736 2424 alios
756 2366 890 2424 homines
910 2367 1129 2424 transferuntur
1145 2367 1175 2424 in
1192 2368 1351 2443 prooemio.
1384 2369 1484 2444 itaque
1499 2367 1530 2425 in

341 2493 385 2549 pr.
408 2476 458 2543 46,
482 2492 539 2550 quo
563 2473 600 2530 de
623 2474 786 2546 legatorum
807 2471 991 2548 quorundam
1013 2471 1111 2528 studio
1133 2472 1330 2530 Athenienses
1354 2472 1530 2531 criminandi

341 2596 435 2634 sermo
459 2582 512 2646 cst,
541 2581 694 2652 postquam
720 2577 831 2650 legatos
855 2574 932 2632 nihil
958 2576 994 2632 ad
1022 2575 1182 2634 veritatem
1208 2578 1361 2654 loquentes
1384 2577 1531 2653 improbos

342 2682 512 2739 iudicandos
524 2701 586 2738 esso
602 2681 836 2738 demonstratum
852 2684 904 2749 cst,
921 2677 937 2754 §
955 2684 972 2736 2
989 2679 1032 2736 ita
1047 2678 1193 2754 pergitur:
1211 2675 1234 2736 εί
1250 2678 1303 2759 γὰρ
1320 2679 1433 2758 ῥήτορες
1449 2677 1530 2738 δεινοὶ

341 2782 451 2858 μᾶλλον
468 2777 537 2841 εἶναι
554 2781 673 2855 δοκεῖνῆ
687 2781 745 2856 μετ’
756 2779 890 2856 ἀληθείας
902 2781 1032 2850 ἐπιεικεῖς
1049 2782 1181 2861 ἅνθρωποι
1194 2782 1347 2858 νομίζεσθαι
1362 2783 1530 2862 προείλοντο,

340 2887 396 2947 οὔδ’
407 2885 480 2946 αὐτοὶ
496 2883 703 2963 καλοκάγαθίας
719 2886 761 2964 οίν,
783 2887 821 2956 ὡς
838 2886 935 2962 ἐ’σικεν,
957 2885 1160 2964 ἀμφισβητοῖεν.
1192 2909 1267 2967 quae
1283 2892 1374 2949 verba
1394 2892 1449 2948 hoc
1466 2892 1528 2948 loco

340 2995 466 3051 ridicula
482 3014 544 3050 esse
560 2994 704 3050 contendo
721 2999 885 3069 propterea,
907 2994 984 3069 quod
1002 2992 1162 3050 insolenter
1177 2995 1257 3050 dicta
1272 2999 1340 3051 sunt
1356 2996 1393 3051 dc
1413 2996 1527 3068 legatis.

341 3105 374 3157 ut
389 3098 469 3156 cuim
485 3097 648 3156 rectissime
661 3098 825 3155 oratoribus
837 3098 1013 3174 quibusdam
1025 3098 1194 3156 domesticis
1207 3097 1325 3155 crimini
1338 3099 1433 3168 datur,
1451 3100 1527 3175 quod

340 3203 458 3260 dicendi
471 3201 561 3278 periti
573 3202 676 3259 haberi
690 3222 778 3278 quam
789 3203 872 3278 probi
885 3201 965 3261 cives
978 3223 1041 3260 csse
1053 3203 1159 3260 malint
1177 3198 1228 3282 (cf.
1242 3224 1290 3279 pp.
1307 3207 1344 3261 15
1355 3206 1381 3275 b,
1397 3209 1446 3274 24,
1463 3199 1527 3284 75),

340 3307 382 3365 sic
402 3307 482 3365 idem
497 3307 533 3364 ad
554 3308 665 3381 legatos
686 3308 716 3364 h.
733 3308 751 3363 l.
768 3308 894 3364 relatum
910 3327 999 3383 quam
1018 3307 1147 3365 maxime
1168 3308 1273 3382 friget3
1295 3310 1332 3366 cf.
1349 3331 1377 3385 p.
1397 3314 1447 3366 66.
1478 3311 1527 3366 sed

339 3411 389 3470 hic
405 3411 578 3486 gravissima
592 3415 708 3468 tautum
723 3430 770 3468 me
786 3411 916 3487 posuisse
932 3411 1041 3469 iterum
1057 3411 1224 3489 iterumque
1240 3431 1353 3470 moneo.

444 3516 530 3579 Quod
556 3517 593 3573 ad
621 3511 783 3573 dictionem
808 3515 929 3586 attinet,
958 3515 989 3572 in
1016 3517 1173 3591 prooemiis
1200 3536 1257 3573 non
1282 3517 1380 3574 omnia
1403 3511 1529 3574 ἀττικιστὶ

340 3641 402 3677 esse
425 3619 533 3696 scripta
556 3619 615 3676 iam
638 3639 725 3695 supra
746 3619 891 3690 vidimus3
915 3620 953 3678 cf.
970 3641 998 3696 p.
1016 3623 1056 3677 48
1082 3614 1233 3700 (ἐγχειρεῖν
1254 3617 1451 3681 omissa'voce
1474 3619 1527 3678 λέ-

338 3717 423 3802 γειν),
446 3727 485 3780 65
509 3718 674 3802 (ἀναβαλεῖν
696 3723 759 3780 sine
779 3724 902 3794 obiecto,
924 3725 1002 3801 quod
1022 3719 1173 3804 dicimus),
1197 3728 1235 3781 66
1259 3719 1302 3806 (τδ
1322 3729 1371 3800 τῆς
1386 3721 1527 3795 πολιτείας

338 3821 455 3910 ὄνομα),
488 3832 526 3885 65
553 3822 753 3908 (ἀφύλακτος),
787 3833 824 3886 73
849 3822 965 3909 (ἑαυτῶν
997 3828 1078 3885 ἕνεκα
1109 3824 1302 3910 δημηγορεῖν).
1348 3852 1425 3890 nunc
1452 3851 1527 3908 quae

338 3938 456 4008 practer
478 3932 544 3990 illos
567 3934 645 3990 locos
665 3954 683 3990 a
702 3934 912 3990 Demosthenis
932 3953 1067 3990 sermone
1091 3934 1122 3990 in
1144 3935 1302 4011 prooemiis
1323 3935 1441 3994 diversa
1460 3939 1527 3992 sunt

338 4037 565 4095 consideremus.
596 4037 727 4095 efficitur
742 4043 842 4096 autem
861 4040 935 4096 haec
950 4039 981 4096 in
998 4040 1162 4116 eloquendo
1178 4040 1335 4098 diversitas
1356 4040 1449 4098 tribus
1464 4039 1528 4097 fere

338 4142 442 4211 modis,
459 4162 516 4200 uno
529 4144 606 4218 quod
620 4143 850 4200 Demosthenica
861 4143 1002 4200 sermonis
1016 4144 1164 4217 elegantia
1176 4163 1209 4202 ac
1224 4149 1421 4220 temperatum
1437 4163 1527 4218 genus

338 4246 496 4322 eloquendi
512 4246 705 4316 desideratur,
727 4248 820 4304 altero
836 4249 912 4324 quod
935 4266 973 4304 cx
988 4267 1043 4303 usu
1058 4267 1091 4306 ac
1107 4248 1323 4322 significatione
1338 4253 1390 4305 aut
1405 4268 1444 4306 ex
1459 4267 1526 4306 con-

337 4350 513 4408 formatione
525 4352 682 4410 verborum
694 4352 878 4429 quorundam
890 4351 1130 4429 locutionumque
1143 4353 1255 4429 aliquid
1268 4357 1409 4424 mutatur,
1426 4353 1524 4423 tertio,

338 4456 415 4533 quod
431 4454 550 4512 omnino
565 4457 707 4514 vocabula
722 4455 941 4532 locutionesque
957 4461 1113 4514 novantur.
1145 4456 1205 4514 iam
1221 4457 1284 4514 cius
1300 4457 1426 4530 generis,
1449 4459 1525 4535 quod

337 4559 466 4636 primum
480 4559 574 4635 posui,
591 4560 765 4634 gravissima
779 4560 927 4636 proferam
943 4561 1089 4635 exempla.

441 4663 546 4721 Fusius
574 4663 668 4738 igitur
690 4665 837 4739 quoddam
860 4664 979 4721 dicendi
1006 4684 1098 4738 genus
1125 4664 1258 4722 cernitur
1284 4685 1327 4742 pr.
1352 4670 1402 4735 42,
1426 4685 1439 4722 a
1462 4663 1524 4722 ὅταν

338 4763 437 4844 δ’ύπὲρ
456 4763 596 4836 πολιτείας
615 4762 662 4823 καὶ
682 4770 792 4842 σφαγῶν
814 4763 860 4824 καὶ
880 4765 968 4840 δήμου
988 4765 1165 4838 καταλύσεως
1186 4768 1307 4846 εύχερῶς
1328 4765 1453 4844 ἀκούητε,
1473 4769 1524 4827 ubi
