3530 5536
683 523 895 577 ..65-.

192 717 222 768 et
244 730 304 782 eos,
327 712 378 789 qui
398 716 512 769 tantum
533 710 630 768 simile
650 711 763 788 aliquid
784 711 982 786 significantes
998 711 1081 789 quasi
1098 711 1270 786 cognatione
1286 713 1384 789 aliqua

191 815 276 872 inter
296 836 326 874 se
345 816 510 891 iunguntur
527 817 579 886 ita,
601 821 635 872 ut
652 817 727 874 alter
741 818 866 873 alterum
886 815 974 874 facile
994 816 1086 891 possit
1101 815 1279 892 amplificare
1295 821 1384 894 atque

192 920 364 978 inlustrare.
396 921 426 978 iu
443 921 541 997 priore
557 921 651 995 igitur
666 940 773 994 genere
788 921 873 996 posui
888 921 955 978 hos:

260 1080 306 1135 pr,
322 1063 370 1130 15,
387 1078 399 1116 a
415 1057 468 1136 ὀρῶ
482 1057 532 1134 γάρ
546 1057 614 1130 ὑμᾶς
627 1056 764 1127 πολλάκις

192 1160 223 1217 οὑ
247 1161 310 1231 τοὺς
334 1159 432 1232 αἰτίους
452 1167 505 1218 τῶν
524 1162 692 1240 πραγμάτων
717 1182 764 1234 μι-

192 1268 318 1342 σοῦντας,
336 1264 413 1324 ἀλλά
424 1264 484 1336 τοὺς
496 1266 622 1334 ὑστάτους
636 1262 697 1344 περί
714 1266 764 1324 αὑ-

191 1375 247 1427 τῶν
262 1367 388 1441 εἰπόντας
402 1391 427 1428 τι
442 1370 509 1448 πρός
524 1369 593 1442 ὑμᾶς
609 1378 639 1430 ct
655 1393 698 1448 pr.
714 1377 762 1442 38,

192 1475 258 1532 3τό
280 1473 312 1532 ὀὲ
333 1474 371 1547 μὴ
390 1474 447 1543 τοῖς
469 1471 571 1552 αἰτίοις,
593 1473 669 1533 ἀλλά
685 1481 764 1532 πᾶσιν

193 1573 296 1656 ἐφεξῆς
318 1575 481 1656 ὀργίζεσθαι,
503 1578 571 1636 τοῦτ’
581 1577 670 1636 οὑκέτι
691 1576 764 1646 εἰκός

194 1680 254 1740 οόδ’
264 1681 351 1760 ὀρθῶς
364 1683 429 1758 έχον
443 1681 528 1740 ἐστίν.
542 1684 588 1742 .in
601 1685 704 1760 primis
717 1682 732 1760 §
745 1689 763 1742 4

193 1787 285 1846 καίτοι
302 1787 387 1865 ἔγωγ’
401 1786 449 1844 οὑκ
466 1785 556 1862 ἀγνοῶ
573 1789 612 1846 ὅτι
628 1783 765 1856 πολλάκις

194 1893 226 1950 οὑ
250 1895 306 1960 τοῖς
329 1889 432 1969 αἰτίοις,
460 1891 537 1949 ἀλλά
559 1894 614 1962 τοῖς
638 1891 764 1966 ἐμποόὼν

194 1993 256 2054 οὑσι
267 1997 322 2065 τοῖς
334 1996 520 2074 ὀργιζομένοις
533 1995 616 2071 ἀηόές
632 2016 656 2053 τι
670 1996 764 2054 παθεῖν

147 2115 150 2122 ’
195 2098 306 2172 συνέβη.

264 2573 308 2629 pr.
319 2558 369 2619 43,
379 2573 391 2611 a
403 2550 480 2609 οὑόὲν
493 2550 546 2630 γὰρ
559 2549 618 2609 οὔτε
631 2550 765 2629 φυλαττο-

198 2657 292 2728 μένοις
319 2655 388 2713 σὺτω
419 2655 505 2712 ὀεινόν
533 2655 595 2713 ὥστ’
613 2654 765 2732 ἀφύλακτον

197 2755 278 2839 εἰναι,
303 2757 356 2818 οὔτ’
369 2759 544 2839 ὀλιγωροῦσιν
565 2758 765 2838 ἀπροσδόκητον

883 1078 923 1116 or.
941 1061 958 1116 I
977 1063 1013 1116 16
1038 1057 1094 1133 ἐγὼ
1114 1055 1196 1116 ὀόὑκ
1216 1051 1306 1135 ἀγνοῶ
1323 1059 1383 1132 με’ν,

817 1157 838 1218 ὦ
856 1162 881 1221 ἀ.
896 1161 946 1238 Ἄ,
962 1162 1044 1240 τοῦθ’,
1061 1162 1101 1220 ὅτι
1117 1161 1254 1232 πολλάκις
1266 1162 1342 1235 ὑμεῖς
1354 1163 1383 1221 οὑ

817 1262 997 1343 religabitur,
1015 1265 1093 1324 ἀλλὰ
1106 1266 1166 1337 τοὺς
1182 1267 1308 1335 ὑστάτους
1323 1263 1383 1342 περί

817 1377 870 1427 τῶν
881 1372 1048 1448 πραγμάτων
1062 1367 1187 1441 εἰπόντας
1201 1371 1228 1428 ἐν
1241 1370 1308 1452 ὀργῇ
1321 1391 1384 1429 ποι-

818 1475 890 1532 εῖσθε
905 1521 910 1533 .
926 1520 943 1552 .,
961 1496 1003 1533 or.
1014 1477 1058 1533 VI
1071 1481 1110 1534 34
1124 1482 1200 1534 extr.
1214 1475 1269 1552 ὁρῶ
1280 1475 1333 1553 γὰρ
1347 1476 1384 1545 ῶς

818 1578 850 1635 τὰ
870 1575 954 1636 πάλλ’
966 1577 1051 1648 ἐνίους
1071 1579 1119 1636 οὑκ
1140 1576 1179 1649 εἰς
1198 1579 1259 1648 τοὺς
1277 1577 1383 1656 αἰτίους,
1466 1632 1469 1637 .

818 1681 885 1740 ἀλλ’
895 1679 934 1752 εἰς
953 1682 1015 1752 τοὺς
1034 1683 1084 1740 ὑπό
1104 1685 1185 1761 χεῖρα
1202 1683 1322 1757 μάλιστα
1337 1684 1384 1757 τὴν

818 1787 902 1864 ὀργὴν
915 1786 1049 1864 ἀφιέντας.
1080 1791 1170 1847 Isocr.
1188 1809 1229 1858 or.
1248 1792 1326 1848 VIII
1345 1795 1383 1848 38

818 1897 895 1949 extr.
912 1891 966 1968 ὀρῶ
984 1889 1086 1964 δ’ὑμάς
1106 1889 1302 1970 χαλεπῶτερον
1323 1892 1385 1950 ὀια-

818 1995 973 2067 τιθεμένους
997 1996 1064 2073 πρός
1086 1993 1147 2064 τοὺς
1169 1993 1348 2070 ἐπιτιμῶντας
1367 1999 1384 2070 ἢ

818 2099 884 2176 πρός
896 2097 956 2170 τοὺς
973 2095 1071 2170 αἰτίους
1086 2104 1139 2158 τῶν
1156 2105 1249 2158 κακῶν
1265 2121 1385 2178 γεγενη-

820 2203 926 2281 μένους,
948 2205 1020 2264 ibid.
1037 2203 1052 2282 §
1069 2210 1108 2263 80
1131 2201 1244 2268 εἰῶθατε
1264 2203 1317 2283 γάρ
1338 2225 1385 2279 μι-

820 2309 874 2365 σεῖν
884 2307 933 2384 οὑχ
941 2308 1010 2366 οὑτω
1018 2307 1078 2378 τοὺς
1089 2305 1186 2379 αἰτίους
1194 2313 1248 2366 τῶν
1259 2309 1385 2389 άμαρτη-

820 2413 912 2486 μάτων
928 2413 966 2483 ῶς
980 2412 1042 2484 τοὺς
1057 2416 1275 2492 κατηγοροῦντας
1289 2413 1384 2473 αὑτῶν.

884 2572 925 2611 or.
934 2555 979 2610 IV
989 2559 1005 2610 3
1015 2551 1093 2610 οὑὺὲν
1102 2549 1163 2610 οὑτε
1174 2550 1400 2631 φυλαττομένοις

819 2655 878 2730 ὑμῖν
893 2655 946 2713 ἐστι
962 2655 1075 2734 φοβερόν
1092 2654 1156 2735 οὔτ’,
1174 2659 1205 2714 ἀν
1222 2656 1385 2735 ὀλιγωρῆτε,

819 2763 935 2818 τοιοῦτον
953 2752 1008 2818 οἰον
1025 2762 1056 2817 ἀν
1072 2760 1150 2835 ὑμεῖς
1166 2761 1345 2837 policrates)

196 2865 303 2924 παθεῖν.

305 3009 400 3064 Verbo
417 3002 571 3083 ἀφὺλακτος
586 3005 618 3062 in
634 3006 784 3081 prooemio
800 3011 838 3064 43
856 3009 942 3081 longe
958 3007 1015 3064 alia
1031 3007 1077 3066 vis
1094 3008 1225 3066 subiecta
1241 3015 1285 3066 cst
1300 3028 1386 3086 quam

198 3111 270 3168 huic
285 3112 499 3168 Demosthenes
515 3110 609 3168 voluit
626 3112 751 3180 subesse,
773 3110 824 3167 ubi
841 3131 875 3167 eo
892 3130 960 3167 usus
976 3116 1029 3168 est.
1060 3112 1179 3168 rettulit
1195 3112 1274 3169 enim
1290 3118 1388 3170 orator·

199 3211 355 3290 ἀφύλακτος
363 3219 488 3291 utroque
499 3216 572 3284 loco,
583 3233 639 3290 quo
649 3213 679 3270 id
689 3216 861 3272 vocabulum
869 3214 998 3284 admisit,
1009 3215 1045 3270 ad
1057 3234 1211 3290 personam
1222 3216 1386 3273 hominem-

199 3339 258 3397 que
270 3319 450 3394 eignificavit
462 3338 604 3388 securum,
619 3319 668 3395 qui
683 3319 738 3376 sibi
751 3338 810 3375 non
823 3319 892 3375 satis
905 3324 1036 3378 caveret:
1054 3338 1095 3376 or.
1110 3323 1138 3390 4,
1152 3339 1177 3377 18
1188 3317 1231 3377 ἵν’.
1247 3363 1254 3376 .
1266 3317 1386 3396 παριδὼν

198 3422 273 3480 ταῦτ’
283 3421 436 3501 ἀφύλακτος
451 3421 541 3503 ληφθῇ
559 3429 588 3481 et
604 3443 645 3481 or.
661 3428 710 3494 23,
728 3443 765 3482 154
781 3421 942 3500 ἀφυλάκτων
959 3421 1041 3480 ὀντων
1058 3423 1095 3491 ῶς
1112 3425 1143 3480 οἰν
1157 3423 1225 3502 πρός
1241 3422 1318 3500 φιλον
1334 3428 1386 3482 τῶν

200 3526 278 3608 ἐντῇ
294 3528 381 3607 χῶροι.
409 3530 482 3586 haec
498 3528 592 3602 igitur
606 3528 687 3585 notio
703 3549 720 3585 a
735 3530 797 3586 loco
814 3529 956 3604 prooemii
972 3530 1111 3590 abhorret
1125 3531 1270 3606 longeque
1286 3529 1385 3599 distat,

199 3633 329 3691 Bekkeri
348 3637 446 3690 autem
467 3632 664 3690 coniecturam
687 3630 799 3708 άφυκτον
820 3652 869 3690 suo
890 3633 955 3690 iure
975 3634 1145 3710 repudiavit
1161 3635 1301 3691 Schaefer
1320 3653 1386 3709 pro-

201 3743 311 3813 pterca,
329 3738 406 3814 quod
423 3737 512 3794 etiam
528 3736 583 3802 τοῖς
600 3733 719 3808 μάλιστα
734 3733 945 3812 φυλαττομένοις
960 3738 1098 3795 accidunt
1114 3737 1225 3814 ἀφυκτα.
1294 3813 1297 3822 Ι

201 3926 225 3987 8,
244 3941 267 3974 ιτ
287 3915 315 3973 οὑ
335 3923 418 3990 μεῖζον
437 3920 505 3972 οὐδέν
524 3921 552 3971 ἀν
570 3921 655 3990 γένοιτ’
667 3919 763 3990 ἀγαθόν,
800 3923 868 3972 haec
890 3923 972 3988 igitur
995 3924 1075 3990 digna
1098 3924 1310 3976 consideratione
1329 3927 1387 3975 visa

201 4011 394 4078 praetereunda
411 4026 466 4059 nou
485 4011 702 4060 existimavimus.
728 4010 824 4076 quibus
843 4012 865 4059 si
883 4016 990 4075 propter
1007 4011 1144 4076 vulgarem
1165 4027 1387 4076 communemque

202 4101 320 4149 omnium
339 4114 416 4148 usum
435 4097 467 4148 ad
483 4097 554 4146 hauc
572 4099 755 4162 quaestionem
776 4096 970 4161 explicandam,
993 4103 1024 4146 ut
1042 4112 1121 4162 supra
1139 4097 1386 4160 demonstravimus,

201 4202 255 4235 non
277 4185 390 4235 multum
413 4185 557 4251 proficitur,
581 4190 671 4235 tamen
694 4184 762 4234 illud
784 4192 906 4248 apertum
926 4189 966 4234 est
990 4185 1116 4250 profecto,
1140 4185 1167 4233 iu
1190 4187 1385 4250 prooemiorum

201 4278 319 4336 auctore,
347 4275 446 4338 quippe
469 4273 515 4338 qui
537 4273 619 4322 verba
641 4274 756 4321 maxime
779 4273 909 4336 cuiusque
932 4273 971 4320 rei
998 4273 1105 4336 propria
1128 4276 1155 4320 et
1181 4273 1214 4320 ab
1238 4273 1386 4322 oratoribus

201 4359 297 4409 Atticis
314 4375 387 4408 more
406 4364 513 4424 recepta
534 4365 647 4422 teneret,
669 4359 742 4408 haud
765 4358 923 4408 mediocrem
944 4372 1034 4407 earum
1053 4373 1140 4407 rerum
1159 4359 1281 4408 notitiam
1305 4359 1385 4407 fuisse
1441 4345 1443 4349 ’

202 4461 316 4512 eumque
335 4461 414 4511 quam
433 4447 547 4496 maxime
565 4447 593 4495 in
612 4446 801 4495 Demosthenis
820 4445 984 4495 orationibus
1002 4445 1143 4494 habitasse.

303 4532 326 4598 ¹¹)
351 4533 506 4597 Optativum
530 4530 657 4597 βούλοισθε
679 4534 733 4582 iam
757 4531 882 4581 Schaefer
903 4532 1044 4596 requisivit
1065 4531 1128 4580 Mel.
1152 4547 1188 4580 cr.
1212 4549 1236 4596 p.
1262 4533 1311 4579 124
1334 4547 1385 4595 sq.;

157 4606 159 4612 ¹
202 4619 264 4668 libri
281 4621 435 4684 conspirant
452 4621 481 4667 in
500 4616 619 4683 βούλησθε
633 4620 813 4680 coniunctivo,
832 4632 911 4682 quem
925 4619 1075 4668 seutentIae
1094 4618 1174 4666 huius
1192 4616 1244 4666 loci
1257 4633 1311 4666 non
1324 4634 1385 4667 con-

202 4709 294 4757 venire
313 4712 425 4758 constat.
450 4711 567 4756 ceterum
587 4706 619 4756 de
632 4705 697 4754 οιοθε
710 4723 770 4756 oum
790 4705 847 4767 ησθε
867 4705 976 4754 confuso
990 4704 1051 4754 vide
1064 4720 1133 4768 quae
1147 4703 1258 4754 Voemel
1277 4704 1310 4754 ad
1328 4705 1353 4753 b.
1367 4705 1384 4754 l.

202 4793 349 4843 adnotavit.
584 4849 588 4856 ,

254 4885 391 4932 Swoboda,
407 4886 437 4926 De
452 4885 662 4934 Demosthprooem.
1214 4879 1229 4926 5
