3530 5536
710 464 923 518 ...79-

284 675 329 732 pr.
349 659 398 726 53,
421 651 513 733 ιπερὶ
529 658 635 730 κοινῶν,
654 647 676 710 ὧ
692 650 719 710 ά.
737 651 788 728 Ἀ,
908 653 994 709 Dem.
1017 671 1058 709 or.
1079 655 1127 722 18,
1149 669 1188 708 ων
1208 645 1343 706 δεδώκατ’
1356 645 1411 704 έθει

206 759 390 837 πραγμάτων
402 755 448 815 καί
464 757 596 835 μεγάλων
607 755 788 831 συνειλεγμέ-
842 751 891 812 τινί
899 753 993 832 φαύλῳ
1001 753 1112 827 πολλὴν
1122 747 1245 824 ἐξουσίαι
1255 749 1293 828 τῷ
1306 750 1410 825 βουλο-

207 881 255 918 νσι
286 861 337 932 τὰς
363 859 433 932 ἰδίας
456 861 597 939 λοιδορίας
619 860 789 938 ἀκροώμενοι
843 859 916 935 μένῳ
932 857 977 915 τδν
993 853 1112 935 λέγοντά
1127 877 1151 915 τι
1165 861 1219 914 τῶν
1233 855 1293 928 ὑμῖν
1306 874 1410 931 συμφε-

207 966 391 1040 κάθησθε..
422 969 492 1026 vide
507 990 535 1044 p.
556 972 592 1025 17
604 987 628 1024 e.
814 960 817 1042 ί
842 965 943 1041 ρόντων
967 962 1152 1032 ὑποσκελίζειν
1172 957 1220 1020 καί
1239 961 1410 1037 συκοφαντεῖν

841 1072 891 1142 τῆς
919 1064 961 1126 ἐπὶ
987 1069 1046 1138 ταῖς
1069 1065 1218 1145 λοιδορίαις
1240 1064 1342 1139 ἡδονῆς
1364 1061 1411 1122 καί

841 1168 953 1251 χάριτος
968 1173 998 1230 τδ
1013 1177 1063 1246 τῆς
1074 1171 1185 1240 πόλεως
1198 1170 1329 1249 συμφέρον
1344 1167 1409 1226 ἀντ-

843 1275 1054 1350 αλλαττόμενοι.
1086 1278 1124 1335 ef.
1142 1297 1183 1334 or.
1202 1281 1230 1348 8,
1252 1294 1287 1333 εν.
1319 1262 1409 1332 Isoer.

843 1402 884 1439 or.
904 1385 952 1453 15,
974 1401 999 1440 ae
1019 1379 1070 1461 δρᾷ
1089 1379 1143 1458 γὰρ
1165 1375 1218 1462 (se.
1235 1372 1408 1458 Λυσίμαχος)

842 1484 912 1558 ὑμᾶς
928 1483 977 1558 μὲν
993 1483 1057 1543 λίαν
1069 1485 1178 1560 ταχέως
1191 1482 1411 1560 ἀποδεχομένους

841 1587 890 1659 τὰς
913 1586 1000 1660 αἰτίας
1022 1586 1069 1647 καὶ
1091 1587 1141 1658 τὰς
1166 1586 1309 1666 διαβολάς,
1337 1589 1409 1647 ibid.

841 1692 857 1770 ξ
872 1699 931 1752 138
945 1696 1086 1770 τοιγαροῦν
1099 1691 1122 1749 οἱ
1139 1691 1189 1766 μὲν
1206 1691 1318 1771 ῥήτορες
1331 1691 1411 1771 ἔργον

842 1791 918 1873 εἰχον
942 1793 1028 1867 αἰτίας
1050 1793 1112 1875 περὶ
1135 1796 1214 1855 αὑτοῦ
1233 1793 1345 1866 πολλάς
1365 1793 1411 1854 καί

842 1899 949 1978 ψευδεῖς
964 1897 1103 1976 πλάττειν,
1123 1901 1154 1958 τδ
1171 1898 1201 1957 δέ
1217 1899 1322 1976 πλῆθος
1339 1898 1410 1958 ἁπο-

842 2005 971 2081 δέχεσθαι
990 2004 1038 2076 τὰς
1058 2005 1107 2063 ὑπδ
1127 2004 1227 2062 τούτων
1242 2003 1410 2081 λεγομένας.

842 2118 973 2169 aeterum
993 2115 1135 2168 enatura
1157 2131 1257 2168 omnes
1276 2111 1411 2167 homines

841 2215 970 2274 libenter
993 2234 1078 2272 aures
1104 2217 1244 2291 praebere
1266 2213 1410 2273 eonvieiis
1475 2205 1482 2221 '

842 2324 872 2376 οὑ
891 2319 1148 2377 criminationibus
1168 2319 1303 2376 andimus
1323 2320 1409 2376 Dem.

842 2443 883 2482 or.
910 2428 958 2493 18,
986 2443 998 2480 3
1025 2422 1040 2479 δ
1063 2422 1135 2499 φύσει
1158 2425 1237 2479 πᾶσιν
1261 2414 1411 2499 ἀνθρώποις

841 2526 964 2604 ὑπάρχει,
985 2531 1039 2583 τῶν
1061 2526 1110 2600 μὲν
1132 2525 1275 2604 λοιδοριῶν
1295 2521 1411 2583 καὶτῶν

841 2635 1012 2710 κατηγοριῶν
1028 2629 1134 2688 ἀκούειν
1150 2629 1252 2704 ἡδέως.

327 2787 408 2851 Quae
435 2807 502 2846 eum
527 2788 570 2846 ita
596 2788 665 2858 sint,
697 2788 895 2846 Athenienses
921 2789 1019 2866 potius
1047 2789 1103 2866 ipsi
1130 2788 1321 2865 vituperandi
1348 2808 1410 2846 esse

222 2891 362 2949 dicuntur
380 2912 469 2971 quam
485 2892 536 2970 qui
558 2893 600 2950 eis
616 2893 814 2951 calamitatem
835 2893 983 2963 inferunt3
1004 2914 1093 2969 penes
1115 2894 1191 2970 ipsos
1207 2894 1286 2951 enim
1303 2898 1347 2951 est
1366 2892 1411 2949 rei

221 2995 303 3072 turpi
318 2996 408 3054 finem
424 2996 591 3073 imponere:

288 3173 331 3229 pr.
350 3157 399 3223 53,
417 3173 428 3210 1
444 3149 520 3222 άξισν
536 3149 561 3208 δ’
571 3151 621 3228 οὑχ
641 3152 709 3210 οὑτω
724 3153 787 3211 τσὺ-
909 3155 994 3210 Dem.
1008 3172 1049 3211 or.
1061 3158 1110 3224 23,
1124 3172 1163 3211 τοι
1174 3155 1219 3209 τοὺ
1231 3151 1323 3225 μέντοι
1335 3149 1409 3209 ταῦθ’

222 3275 278 3326 τοις
290 3255 443 3330 ἐπιτιμῆσαι
453 3303 459 3315 .
471 3303 477 3315 .
487 3255 554 3314 ἀλλ’
564 3257 634 3335 ὑμῖν,
648 3260 685 3316 cf.
699 3261 789 3316 etiam
843 3256 928 3326 οὑτως
944 3253 1066 3333 αἰσχρῶς
1081 3255 1299 3336 προεληλυθέναι
1316 3301 1322 3312 .
1337 3303 1343 3314 .
1362 3255 1409 3313 οὑ-

223 3383 266 3438 ρτ.
285 3367 334 3433 29,
351 3383 363 3420 ν
378 3359 438 3434 ὑμῖν
459 3358 482 3417 δ’
493 3361 525 3419 άν
544 3381 584 3432 τις
600 3358 712 3432 εἰκότως
729 3362 789 3421 ἐπι-
844 3358 920 3431 δένες
940 3359 1025 3437 ὑμῶν,
1049 3357 1071 3418 ὧ
1092 3356 1119 3421 οἰ.
1141 3361 1191 3438 Ἀ.,
1216 3359 1326 3434 μᾶλλον
1347 3356 1410 3418 εἰσιν

224 3465 368 3542 τιμήσειεν,
385 3460 407 3523 ὦ
424 3465 450 3525 οἰ.
467 3465 515 3545 Ἀ,
532 3466 571 3522 ὅτι
588 3511 594 3522 .
613 3511 620 3526 .
815 3461 817 3545 ί
845 3463 931 3545 αἰτισι,
952 3486 993 3524 or.
1012 3470 1040 3537 5,
1063 3486 1074 3524 τ
1094 3462 1140 3523 καί
1161 3465 1248 3523 οὑκέτ’
1259 3464 1288 3523 ἐν
1308 3465 1410 3535 τούτοις

844 3566 997 3643 αἰτιάσομαι
1027 3568 1087 3638 τοὺς
1118 3568 1182 3647 ὑπὲρ
1213 3567 1410 3644 Νεοπτολέμου

842 3672 976 3751 λέγοντας
988 3724 994 3737 ,
1007 3719 1014 3733 .
1027 3672 1094 3733 ἀλλ’
1101 3673 1197 3745 αὑτούς
1208 3674 1288 3754 ὑμᾶς,
1300 3669 1409 3758 [Dem]

843 3799 884 3838 οτ.
901 3785 949 3851 10,
967 3799 992 3838 τε
1007 3781 1024 3852 ἡ
1041 3775 1085 3837 οὑν
1100 3779 1231 3837 παυστέον
1247 3779 1346 3837 τούτων
1357 3783 1411 3837 τῶν

844 3881 913 3940 ἐθῶν
940 3885 958 3956 ἢ
982 3881 1078 3959 μηδέν’
1093 3882 1181 3941 άλλον
1210 3881 1343 3943 αἰτιατέον
1365 3887 1410 3942 τοὺ

842 3988 929 4045 πάντα
953 3987 1064 4063 φαύλως
1084 3987 1157 4063 ’έχειν
1177 3990 1195 4061 ἢ
1216 3987 1286 4062 ὑμᾶς
1306 3987 1409 4067 αὑτούς,

845 4085 897 4174 [or.
924 4085 986 4174 13‚]
1008 4095 1034 4152 aa
1057 4092 1086 4150 οὑ
1107 4093 1163 4161 τοῖς
1186 4088 1411 4170 εἰσηγησαμένοις

842 4195 914 4253 ταῦτ’
929 4194 1042 4269 ἐπιτιμῶ
1059 4241 1066 4256 .
1085 4241 1092 4254 .
1109 4194 1175 4255 ἀλλ’
1189 4196 1260 4276 ὑμῖν,
1282 4199 1410 4277 Lyeurg.

842 4302 944 4360 Leoer.
968 4299 983 4377 ξ
1009 4306 1046 4359 12
1071 4300 1169 4358 τούτων
1192 4299 1216 4358 δ’
1233 4299 1311 4360 αἰτιοι
1334 4301 1411 4375 ὑμεῖς

843 4403 913 4482 ἐστε,
934 4399 1009 4462 M:
1029 4403 1077 4477 τὴν
1097 4403 1150 4482 γὰρ
1172 4399 1293 4475 ἐξουσίαν
1313 4405 1410 4479 ταύτην

843 4505 981 4566 δεδώκατε
998 4509 1052 4578 τοῖς
1069 4506 1164 4566 ἐνθάδε
1181 4506 1287 4568 εἰσιοῦσι
1304 4555 1311 4568 .
1330 4555 1348 4589 .,
1371 4514 1409 4570 ef.

843 4615 934 4672 etiam
957 4616 1042 4672 Dem.
1064 4635 1106 4673 or.
1130 4618 1179 4686 15,
1203 4634 1228 4673 ον
1250 4618 1296 4672 τοὺ
1320 4616 1410 4688 μέντοι

814 4766 817 4792 ,
843 4715 964 4786 πολλοὺς
976 4715 1066 4785 ἀδεῶς
1074 4717 1170 4792 ταύτην
1179 4717 1226 4791 τὴν
1235 4713 1309 4789 τάξιν
1322 4717 1409 4798 αἱρεῖ-
