3530 5536
843 496 1057 550 „58-

358 678 411 739 ούτ’
424 678 499 757 ἰσχύν
523 679 653 755 ἐντίθησιν
680 678 735 739 οὔτ’
748 679 925 754 ἀποθνήσκειν
979 679 1061 738 ἐκεῖν’
1068 675 1095 762 ⁵)
1108 677 1161 738 οὔτ’
1170 677 1244 756 ἰσχύν
1262 678 1392 754 ἐντίθησιν
1409 676 1462 736 οὔτ’
1473 673 1544 736 ἀπο-

358 783 405 866 ἐᾷ
422 781 468 843 καὶ
483 785 555 843 ταῦτ’
566 781 618 844 ούτ’
629 784 797 863 ἀπογνόντας
812 783 887 843 ἀλλο
900 804 925 842 τι
978 784 1102 857 θνήσκειν
1119 783 1197 864 ἐᾷθ)
1213 779 1258 840 καὶ
1273 783 1358 853 ταῦθ’,
1374 776 1545 863 ἃνέμεσθε

356 879 464 970 μεῖζον
491 890 615 967 πράττειν
644 888 677 969 ἐᾷ
702 887 756 947 cic*
769 888 848 950 αὐτὰ
873 883 925 961 ἐξ·
976 891 1030 948 νῦν
1044 885 1141 969 ὑμεῖς,
1158 885 1219 947 ούτε
1234 879 1361 949 τοσαῦτ’
1370 881 1457 948 ἐστίν
1468 875 1545 948 ὥστ’

357 995 463 1075 αρκεῖν
477 990 618 1055 δύναται.
949 993 951 1074 )
978 984 1133 1076 ὠφέλειαν
1151 983 1234 1070 ἔχειν
1252 991 1323 1052 τινὰ
1346 988 1466 1074 διαρκῆ,
1490 987 1545 1048 οὔτ’

977 1095 1145 1174 ἀπογνόντας
1157 1095 1232 1154 ἀλλο
1244 1116 1269 1154 τι
1279 1097 1404 1175 πράττειν
1417 1094 1460 1175 ἐᾷ,
1474 1085 1546 1156 ἀλλ)

975 1191 1044 1262 ἔστι
1060 1204 1159 1262 ταῦτα
1171 1201 1226 1283 τὴν
1238 1197 1372 1261 ἑκάστου
1384 1192 1546 1282 ῥᾳθυμίαν

974 1303 1061 1386 ὑμῶν
1076 1306 1166 1382 (ήμῶν
1181 1305 1215 1380 Σ)
1231 1299 1458 1377 ἐπαυξάνοντα.

459 1411 519 1469 Hic
534 1413 622 1481 locus,
639 1431 696 1489 quo
712 1413 817 1469 lucella
832 1413 868 1470 ab
882 1411 1053 1470 hominibus
1065 1411 1239 1488 quibusdam
1250 1431 1314 1469 rem
1325 1409 1473 1486 publicam
1484 1429 1545 1467 am-

355 1515 463 1574 bitiose
481 1516 652 1590 regentibus
672 1517 779 1592 populo
795 1535 929 1574 concessa
945 1536 1011 1574 cum
1027 1516 1100 1574 cibis
1116 1518 1329 1591 comparantur,
1351 1534 1422 1591 quos
1437 1513 1546 1572 medici

357 1621 427 1677 dant
446 1620 582 1694 aegrotis,
603 1621 647 1677 ita
666 1640 704 1678 ex
724 1619 815 1678 animi
832 1625 922 1691 motu,
945 1639 1003 1697 quo
1019 1640 1087 1677 usus
1102 1621 1317 1678 Demosthenes
1332 1619 1364 1677 in
1381 1639 1422 1676 or.
1436 1620 1496 1676 ΙΠ.
1513 1618 1545 1674 in

355 1725 462 1781 malam
481 1724 725 1782 consuetudinem
745 1722 779 1782 τά
798 1721 918 1801 θεωρικὰ
935 1724 1081 1798 largiendi
1102 1724 1237 1783 invectus
1256 1728 1309 1794 est,
1331 1728 1451 1800 totaque
1467 1742 1484 1780 e
1499 1741 1545 1779 ra-

355 1829 446 1899 tione,
468 1848 543 1906 quae
563 1834 706 1887 tumeret
725 1830 770 1887 rei
789 1829 923 1905 publicae
938 1828 1177 1899 Atheniensium,
1199 1827 1358 1897 emanavit,
1379 1831 1414 1884 ut
1432 1826 1464 1883 in
1478 1845 1545 1902 pro·

356 1934 449 1991 oemio
470 1938 609 2009 appareat
629 1933 707 1991 nihil
730 1934 788 1990 nisi
811 1954 940 2010 pannum
961 1933 1025 1990 eius
1046 1937 1158 1990 extare.
1189 1933 1262 1990 adeo
1283 1932 1429 1990 sententia
1451 1932 1482 1988 in
1502 1951 1544 1989 or.
1606 1981 1608 1986 .

356 2038 533 2116 Olynthiaca
553 2059 641 2116 quam
661 2039 790 2096 maxime
810 2039 929 2114 propria
948 2041 978 2094 et
997 2058 1059 2094 rem
1081 2037 1165 2114 quasi
1185 2056 1239 2094 acu
1259 2042 1381 2111 tangens
1401 2035 1545 2111 generalis

356 2147 444 2219 atque
460 2143 556 2202 inams
572 2143 668 2201 evasit
683 2143 714 2199 in
730 2143 890 2218 prooemio.
915 2162 968 2200 nec
981 2163 1039 2199 non
1052 2143 1183 2199 cernitur
1195 2141 1236 2199 ibi
1253 2140 1401 2217 sophistae
1414 2140 1545 2198 studium

355 2247 429 2304 illud
443 2248 479 2303 de
488 2247 650 2322 exemplari
663 2246 776 2324 aliquid
790 2246 965 2304 detrahendi
974 2247 1193 2323 sententiasque
1204 2246 1235 2302 in
1245 2244 1543 2320 angustumcogendi,

356 2352 433 2428 quod
449 2352 512 2409 fere
528 2370 595 2409 cum
611 2353 717 2408 damno
734 2351 880 2409 enuntiati
896 2351 961 2408 ficri
977 2350 1123 2410 videmus.

420 2476 465 2530 pr.
479 2459 529 2526 53,
543 2474 555 2514 5
568 2452 600 2511 ἐκ
609 2457 726 2529 πτωχῶν
737 2454 860 2512 πλούσιοι
871 2475 923 2532 γε·
1042 2474 1083 2512 or.
1100 2456 1151 2511 ΠΙ
1177 2459 1214 2511 29
1240 2451 1272 2510 ἐκ
1290 2456 1407 2528 πτωχῶν
1422 2451 1545 2510 πλούσιοι

355 2558 474 2635 γόνασιν.
975 2558 1119 2634 γεγόνασιν
1129 2603 1135 2614 .
1147 2601 1165 2635 .,
1178 2578 1220 2616 or.
1230 2561 1308 2615 VIII
1325 2563 1363 2615 66
1381 2556 1477 2614 τούτων
1494 2554 1544 2629 μὲν

948 2661 950 2734 l
977 2662 1010 2720 ἐκ
1020 2666 1137 2738 πτωχῶν
1151 2661 1292 2737 ἐνιοιταχύ
1300 2659 1544 2737 πλούσιοιγίγνον-

974 2787 1017 2824 ται
1035 2813 1041 2824 .
1061 2767 1095 2846 ,6)
1122 2773 1152 2825 ct
1176 2768 1206 2824 in
1230 2773 1354 2824 centone
1376 2768 1465 2824 huius
1487 2765 1544 2823 loci

975 2866 1082 2954 [Domi
1096 2893 1137 2929 or.
1152 2877 1200 2942 10,
1214 2870 1350 2930 (τετούτων
1364 2868 1414 2942 μὲν
1428 2867 1460 2927 ἐκ
1469 2889 1546 2926 πτω-

974 2981 1033 3050 χῶν
1047 2975 1111 3032 ἔνιοι
1122 2973 1192 3050 ταχύ
1203 2974 1326 3032 πλούσιοι
1338 2971 1476 3051 γίγνονται
1490 3021 1496 3032 .
1509 2970 1544 3054 ,(1)

457 3115 479 3173 ⁵)
500 3108 576 3158 ἐκεῖνα
594 3112 617 3161 h.
632 3111 648 3160 l.
662 3113 690 3159 in
710 3107 818 3174 Stt'tt,
837 3117 897 3176 post
918 3109 988 3177 ἰσχύν
1007 3111 1078 3176 vulg.

457 3197 478 3262 ¹²)
498 3198 574 3247 Haec
596 3201 650 3246 tam
675 3197 813 3262 praeclara
831 3199 1020 3247 Demosthenis
1043 3198 1125 3247 verba
1149 3197 1226 3247 multi
1244 3203 1365 3248 vetorum
1388 3199 1545 3262 scriptorum

356 3283 399 3333 vel
418 3284 562 3334 laudarunt
580 3284 623 3333 vel
642 3285 741 3333 imitati
760 3289 835 3333 sunt:
853 3284 1005 3334 Philemon.
1025 3284 1110 3349 (Stob.
1128 3284 1199 3334 Flor.
1212 3284 1288 3333 LVII
1301 3285 1328 3350 6)
1347 3280 1396 3351 ἐγὼ
1414 3277 1454 3333 τάν
1473 3277 1546 3350 ἀγρόν

357 3366 436 3438 ἰατρὸν
455 3369 577 3435 ἐλελήθειν
603 3368 679 3438 ἔχων·
708 3369 788 3437 τρέφει
812 3368 857 3437 γὰρ
882 3368 958 3428 οὕτως
977 3369 1059 3439 ὥσπερ
1079 3368 1252 3437 ἀρρωστοῦντα
1271 3388 1308 3437 με,
1334 3373 1400 3421 Luc.
1414 3371 1447 3421 de
1466 3385 1546 3420 merc.

357 3458 434 3508 cond.
445 3460 460 3507 b
475 3455 523 3507 ἐπεὶ
536 3455 561 3506 δέ
572 3487 604 3494 -
615 3455 648 3515 ὡς
659 3455 671 3506 ὁ
682 3453 754 3514 καλός
767 3474 812 3506 που
827 3455 908 3524 ῥήτωρ
923 3454 965 3522 ἐφη
976 3486 1007 3493 -
1018 3458 1067 3514 τοῖς
1078 3458 1126 3506 τῶν
1137 3456 1273 3506 νοσούντων
1284 3457 1369 3514 σιτίοις
1380 3455 1475 3506 ἐοικότα
1484 3455 1547 3524 λαμ·

357 3542 464 3608 βαίνουσι,
482 3546 535 3594 1)ἰο
555 3544 626 3595 Cass.
640 3545 757 3594 LVIII3
777 3544 913 3594 Tiberium
932 3545 1034 3594 homini
1053 3545 1157 3594 cuidam
1177 3544 1262 3594 nobili
1279 3547 1308 3593 in
1327 3545 1475 3594 custodiam
1494 3549 1547 3594 tra-

356 3632 412 3681 dito
432 3632 553 3681 exhiberi
571 3633 679 3681 iussisse
698 3636 788 3681 narrat
806 3629 897 3679 δίαιταν
916 3627 1034 3692 (τοιαύτην
1054 3629 1238 3696 reiterandum,
1262 3629 1325 3679 ὥστε
1345 3631 1404 3697 μήτε
1423 3629 1475 3678 τινὰ
1492 3629 1548 3694 ἡδο·

355 3716 396 3781 νήν
420 3716 459 3767 καὶ
482 3716 566 3786 ῥώμην
588 3723 723 3786 παρασχεῖν
743 3717 803 3786 μήτε
821 3714 977 3781 ἀποθνήσκειν
997 3712 1067 3767 αύτάν
1087 3715 1143 3785 idrus
1162 3719 1259 3768 Athen.
1273 3719 1310 3768 VI
1324 3720 1409 3768 27οΒ
1429 3716 1489 3768 κατὰ
1508 3713 1547 3767 τάν

354 3803 468 3854 Παιανιέα
487 3803 576 3872 ῥήτορα
594 3803 709 3854 τοιούτων
728 3805 798 3854 τινῶν
818 3801 1001 3872 μεταλάβωμεν,
1020 3802 1105 3872 ἀμήτ’
1116 3802 1188 3874 ἰσχύν
1202 3802 1305 3869 ἐντίθησι
1325 3803 1381 3873 μήτ’
1392 3803 1547 3869 ἀποθνήσκειν

356 3890 390 3958 ἐᾷ,
408 3892 533 3942 Philostr.
545 3894 593 3943 vit.
606 3892 692 3958 Apoll.
706 3892 758 3942 VH
773 3893 821 3940 126
840 3888 974 3948 ἀναδιδάξω
993 3887 1066 3959 λόγον
1085 3889 1155 3960 ὑμᾶς,
1174 3889 1242 3941 οὐδὲν
1262 3889 1356 3941 ἐοικότα
1372 3891 1422 3948 τοῖς
1440 3892 1489 3942 τῶν
1509 3889 1547 3941 ία-

354 3980 419 4044 τρῶν
437 3975 533 4036 carlou*
552 3979 591 4028 καὶ
609 3977 656 4046 γὰρ
676 3975 748 4047 ἰσχύν
767 3976 870 4043 ἐντίθησι
888 3976 928 4027 καὶ
946 3975 1071 4027 ἀποθανεῖν
1090 3976 1133 4028 σύκ
1152 3975 1224 4040 ἐάσει,
1244 3979 1395 4044 Symmach.
1415 3980 1546 4044 ορ.123;

354 4067 444 4131 parvis
461 4068 631 4117 nutrimentis
650 4082 813 4132 quamquam
832 4082 849 4116 a
866 4072 952 4116 morte
970 4066 1145 4128 defendimur,
1164 4066 1231 4115 nihil
1250 4071 1340 4116 tamen
1360 4067 1394 4116 ad
1411 4067 1548 4117 robustam

354 4152 537 4203 valetudinem
559 4169 756 4218 promovemur,
778 4154 935 4218 Hieronym.
959 4169 1052 4202 comm.
1077 4153 1174 4203 Ezech.
1199 4155 1227 4203 4:
1253 4154 1299 4217 qui
1322 4154 1396 4203 cibus
1420 4159 1456 4210 et,
1469 4159 1548 4218 potus

354 4242 430 4290 iuxta
452 4240 576 4290 inclitum
601 4245 731 4290 oratorem
751 4257 805 4290 non
824 4241 895 4289 vires
918 4241 1019 4302 tribuit,
1042 4240 1088 4289 sed
1107 4245 1219 4290 mortem
1238 4239 1368 4304 prohibet,
1391 4241 1464 4291 Suid.
1484 4257 1503 4290 s.
1522 4258 1547 4290 v.

355 4324 501 4391 Ἰνγρουσίατ
525 4324 660 4394 Ἰνγρονσία
678 4324 743 4393 παρὰ
762 4324 894 4393 Ῥωμαίοις
913 4319 939 4374 τίν
959 4327 1009 4384 τοῖς
1029 4321 1137 4374 ἀσθενέσι
1156 4324 1280 4392 διδόμενον
1300 4323 1383 4384 σιτίον,
1402 4322 1415 4374 ὃ
1433 4322 1487 4376 ούτε
1504 4327 1548 4390 ζῆν

356 4409 409 4462 ούτε
422 4409 578 4476 ἀποθνήσκειν
591 4413 660 4462 ποιεῖ.
679 4414 713 4464 cf.
727 4415 807 4463 etiam
821 4413 929 4463 Sallust.
944 4430 980 4462 or.
993 4413 1078 4462 Macri
1095 4415 1124 4462 19
1143 4418 1171 4461 et
1189 4412 1251 4462 vide
1263 4412 1408 4462 Kusterum
1426 4413 1460 4462 ad
1473 4413 1547 4463 Suid.

357 4499 374 4549 l.
389 4516 410 4548 c.
426 4499 477 4564 (ed.
491 4500 589 4549 Bernh.
604 4501 616 4549 1
631 4502 645 4548 2
658 4516 683 4564 p.
698 4501 768 4565 994),
787 4500 868 4549 Dobr.
881 4500 909 4548 II
923 4501 954 4548 10
967 4500 1000 4548 ad
1012 4500 1090 4548 Dern.
1103 4515 1128 4562 p.
1142 4500 1184 4561 37,
1197 4515 1229 4547 aa.

454 4585 475 4651 e)
494 4583 608 4653 γεγόνασι
625 4585 713 4650 vulg.;
738 4601 798 4634 curn
818 4583 836 4632 Σ
860 4586 926 4635 iacit
943 4586 967 4634 L
985 4592 1013 4635 et
1031 4585 1146 4650 quodam
1165 4584 1242 4635 modo
1262 4583 1290 4646 ri,
1314 4587 1342 4634 in
1362 4601 1414 4650 quo
1433 4584 1546 4652 γίνονται.

455 4671 477 4737 d)
498 4670 610 4739 γεγόνασι
628 4672 716 4737 vulg.3
735 4672 870 4732 Schaefer,
890 4674 936 4736 qui
955 4671 1134 4736 Olynthiacae
1146 4671 1195 4720 111.
1212 4670 1266 4721 loci
1284 4687 1385 4721 memor
1403 4673 1548 4736 utrubique

355 4757 480 4825 γεγόνασιν
498 4759 633 4825 praetulit,
662 4775 733 4808 nunc
751 4758 917 4808 Dinderfium
937 4758 1017 4808 habet
1044 4758 1246 4808 adsentientem.
1278 4759 1342 4807 mihi
1370 4773 1433 4808 vero
1462 4760 1545 4808 ceteri
