3530 5536
857 521 1070 578 ..34-

468 711 580 782 Restat,
605 713 661 770 hoo
682 711 762 770 enim
778 715 842 769 erat
857 711 990 782 tertium,
1014 715 1048 768 nt
1064 711 1181 769 dicatur
1196 712 1232 768 de
1248 703 1509 790 periodorum1)
1526 709 1559 766 in

363 817 522 893 prooemiis
538 817 831 876 conformatione.
848 817 984 894 inquam
1000 835 1067 874 cum
1082 815 1274 893 inquirerem,
1291 816 1367 872 duae
1381 816 1459 872 ultro
1471 834 1559 893 quae-

365 921 475 980 stiones
491 925 632 981 subnatae
649 928 725 993 sunt,
741 923 871 998 primum
886 942 956 980 num
973 921 1030 980 sibi
1046 925 1148 979 auctor
1162 920 1380 997 prooemiorum
1392 919 1560 978 constiterit

363 1025 395 1084 in
410 1026 540 1103 periodis
554 1026 701 1102 fingendis
716 1026 874 1105 verbisque
890 1027 973 1104 quasi
990 1025 1139 1083 struendis
1154 1044 1187 1083 ao
1199 1025 1307 1082 deinde
1319 1044 1390 1082 num
1402 1024 1508 1082 similis
1520 1025 1560 1082 sit

362 1131 438 1189 ratio
455 1131 486 1188 in
502 1150 537 1188 ea
551 1150 584 1188 re
599 1131 817 1208 prooemiorum
832 1136 920 1208 atque
936 1129 1127 1188 exordiorum
1143 1129 1308 1187 orationum
1324 1149 1341 1186 a
1356 1130 1558 1187 Demosthene

364 1234 596 1310 conscriptarum
618 1234 808 1313 ipsarumque
823 1235 998 1293 orationum.
1014 1233 1235 1292 accuratissime
1251 1238 1351 1292 autem
1365 1254 1429 1292 rem
1444 1235 1525 1292 absol
1547 1265 1558 1275 -

362 1344 446 1397 turus
461 1338 537 1396 mihi
552 1338 685 1410 videbar,
703 1339 727 1396 si
744 1339 868 1415 singulis
884 1339 1040 1397 sententiis
1051 1358 1160 1414 genere
1172 1357 1205 1396 ac
1217 1343 1362 1415 potestate
1374 1337 1500 1397 diversis
1512 1338 1558 1394 di-

362 1462 447 1503 verse
463 1441 637 1517 significatis
652 1448 805 1521 tamquam
825 1444 987 1519 imaginem
1002 1446 1159 1503 verborum
1176 1442 1395 1518 compositionis
1410 1443 1442 1500 in
1457 1445 1558 1501 tabula
1642 1457 1645 1465 ¹

362 1547 542 1605 conlocatam
557 1549 707 1619 haberem,
730 1547 761 1606 in
778 1567 836 1627 qua
851 1548 962 1606 similia
977 1548 1134 1606 dissimilia
1148 1547 1250 1605 statim
1265 1547 1397 1604 animum
1412 1547 1558 1606 intuentis

362 1656 551 1727 percuterent
565 1657 654 1730 atque
666 1657 830 1712 moverent.
844 1658 875 1711 et
885 1652 1023 1728 provenit
1035 1652 1114 1723 inde,
1131 1651 1189 1710 nisi
1202 1671 1267 1728 spes
1279 1651 1398 1709 omnino
1409 1671 1457 1710 me
1468 1652 1556 1723 fallit,

361 1755 474 1813 fructus
486 1755 604 1834 aliquis.
617 1757 673 1815 hoo
685 1776 756 1817 vero
768 1759 830 1816 loco
839 1756 1014 1832 gravissima
1026 1761 1141 1815 tantum
1149 1774 1260 1827 eorum,
1274 1775 1350 1833 quae
1358 1776 1397 1814 ex
1407 1756 1460 1814 illa
1468 1776 1557 1834 qnae-

361 1859 458 1918 stione
473 1861 602 1917 lucratus
617 1880 691 1931 sum,
713 1862 903 1937 proponenda
917 1881 980 1919 esse
996 1860 1105 1932 sentio;
1128 1879 1196 1917 nam
1212 1860 1248 1917 de
1261 1859 1379 1931 tabulis,
1401 1879 1476 1938 quas
1489 1880 1557 1918 con-

360 1963 429 2035 feci,
454 1963 552 2022 omnia
570 1963 688 2039 integra
706 1965 765 2024 hnc
784 1966 944 2024 transferre
964 1971 995 2024 et
1013 1963 1174 2023 ridiculum
1188 1964 1344 2024 videretur
1364 1970 1394 2023 et
1413 1964 1508 2042 spatio
1524 1983 1557 2023 ac

361 2073 495 2144 tempore
511 2072 589 2126 esset
603 2070 696 2128 abuti.

464 2172 632 2231 Dicendum
652 2178 697 2231 est
716 2173 809 2248 igitur
828 2174 866 2232 de
881 2175 1137 2252 enthymematum
1152 2174 1336 2250 quorundum
1359 2173 1557 2231 similitudine

360 2281 471 2354 aperta.
495 2277 597 2355 itaque
620 2277 748 2336 similem
779 2278 810 2335 in
841 2279 960 2335 modum
989 2279 1062 2336 haec
1092 2278 1274 2336 conformata
1304 2296 1367 2335 esse
1398 2277 1555 2336 confestim

362 2399 514 2456 agnosces:

464 2506 509 2563 pr.
526 2491 541 2544 1
555 2486 597 2544 in.
610 2480 642 2542 Ei
656 2483 706 2558 μὲν
719 2482 860 2563 προύτίθετ
1173 2531 1199 2564 .,
1213 2479 1217 2568 Ι
1231 2480 1346 2560 ἡσυχίαν
1360 2479 1494 2561 ἀνῆγον.
1513 2479 1557 2566 ,ΙΙ

362 2587 456 2664 ἐπειδὴ
470 2587 494 2646 δ’
508 2638 515 2653 .
528 2633 534 2646 .
548 2586 603 2647 νυνὶ
615 2590 751 2668 σκοπεῖτε,
766 2583 769 2672 Ι
783 2589 924 2666 ἠγοῦμαι.
939 2585 980 2670 ,ΙΙ
993 2593 1097 2649 eadem
1108 2591 1171 2649 fere
1184 2590 1307 2661 ratione,
1323 2589 1382 2647 nisi
1394 2591 1473 2668 quod
1486 2589 1555 2647 sim-

361 2695 483 2772 pliciore
498 2697 585 2753 modo
598 2696 868 2773 comprehenditur,
885 2696 981 2772 ipsum
994 2697 1073 2774 quod
1089 2695 1224 2773 seqnitur
1238 2695 1429 2773 enthymema
1441 2713 1556 2771 compo·

361 2799 452 2857 situm
462 2805 507 2858 est
516 2797 531 2876 ξ
541 2804 574 2857 2:
588 2795 611 2856 εί
620 2798 671 2872 μὲν
680 2793 725 2856 ούν
735 2791 794 2876 εἶχε
807 2796 903 2869 καλῶς
910 2797 945 2856 τὰ
952 2795 1110 2877 πράγματα,
1122 2792 1125 2881 Ι
1136 2797 1215 2856 ούδὲν
1224 2799 1256 2856 ἂν
1266 2795 1322 2856 ἔδει
1331 2795 1538 2871 συμβουλεύειν·
1548 2790 1557 2878 ΙΙ

361 2900 454 2976 ἐπειδὴ
472 2902 496 2961 δ’
510 2950 518 2966 .
532 2947 539 2963 .
553 2902 613 2979 ἔχει
630 2900 785 2977 δυσκολίαν,
800 2898 804 2985 Ι
819 2904 858 2974 ὡς
871 2902 905 2961 ἐκ
919 2903 1054 2982 τοιούτων,
1066 2904 1232 2981 πειράσομαι
1243 2900 1447 2976 συμβουλεύειν.
1456 2899 1481 2983 3Ι
1496 2903 1556 2960 iam

359 3009 434 3066 haec
449 3009 540 3066 adde:
557 3029 601 3086 pr.
616 3013 666 3081 46,
681 3030 692 3067 ι
708 3031 750 3088 sq.
768 3005 793 3065 εἰ
809 3007 860 3081 μὲν
877 3004 921 3066 σύν
938 3003 1007 3084 ἦσαν
1024 3005 1111 3066 αὑτῶν
1124 3001 1240 3082 ἀληθείς
1256 3005 1283 3064 αἱ
1294 3005 1466 3084 κατηγορίαι,
1481 3001 1485 3088 Ι
1498 3007 1557 3082 χοί-

361 3129 400 3189 ριν
416 3111 443 3188 γ’
454 3109 539 3188 εἴχετ’
553 3109 666 3184 εἰκότως
683 3112 724 3190 σ’ίν,
743 3109 765 3170 εἰ
784 3159 790 3170 .
810 3105 855 3194 .·ΙΙ
871 3110 966 3186 ἐπειδὴ
984 3110 1015 3170 δὲ
1033 3158 1039 3171 .
1054 3157 1060 3169 .
1078 3112 1227 3190 κέχρηνται
1242 3109 1280 3188 τῷ
1296 3109 1385 3188 λύγῳ,
1404 3104 1407 3193 Ι
1423 3109 1558 3189 πονηρούς

361 3213 465 3274 δίκαιον
482 3259 489 3274 .
505 3260 511 3273 .
529 3261 537 3295 ,
553 3238 597 3294 pr.
616 3222 667 3289 44,
685 3238 697 3276 a
713 3213 738 3274 εἰ
754 3214 804 3290 μὲν
821 3213 866 3274 οὖν
883 3215 1002 3287 ἅπαντες
1018 3215 1201 3294 ἐγιγνώσκετε
1217 3215 1309 3292 ταύτοί,
1327 3209 1331 3296 Ι
1350 3211 1403 3272 οὔτ’
1416 3213 1448 3273 ἂν
1466 3212 1488 3273 εί
1506 3262 1512 3274 .
1528 3261 1558 3292 .,

361 3317 504 3398 παρῆλθον
519 3366 524 3379 .
540 3366 546 3378 .
560 3317 615 3379 οὔτ’
627 3319 660 3378 διν
677 3317 700 3378 εί
714 3365 721 3380 .
736 3339 761 3381 .·
776 3315 779 3403 Ι
795 3320 906 3394 μᾶλλον
921 3319 976 3400 γὰρ
988 3322 1020 3379 ἂν
1032 3321 1180 3399 ἡγησάμην
1194 3365 1200 3377 .
1215 3365 1221 3378 .
1234 3337 1239 3350 ·
1253 3313 1262 3402 ΙΙ
1274 3317 1369 3392 ἐπειδὴ
1383 3317 1408 3376 δ’
1421 3319 1476 3398 ὁρῶ
1490 3363 1497 3378 .
1511 3364 1537 3398 .,
1553 3313 1556 3402 Ι

360 3425 522 3503 πειράσομαι
540 3471 547 3484 .
566 3470 572 3482 .
590 3427 690 3504 πεῖσαι,
705 3447 749 3503 pr.
767 3431 818 3497 41,
835 3445 847 3483 ι
864 3447 906 3504 sq.
924 3421 948 3482 εί
964 3424 1014 3498 μὲν
1033 3471 1039 3484 .
1057 3472 1063 3484 .
1080 3419 1114 3500 ἦν
1131 3471 1137 3484 .
1156 3469 1162 3482 .
1179 3469 1186 3502 ,
1205 3418 1208 3506 Ι
1224 3423 1295 3482 τοῦτ’
1308 3425 1341 3480 ἂν
1359 3423 1449 3500 ἔγωγε
1464 3423 1557 3504 παρῄ-

360 3548 420 3587 νουν
438 3577 444 3588 .
463 3574 469 3586 .
486 3524 513 3612 ·ΙΙ
527 3528 621 3604 ἐπειδὴ
635 3529 760 3588 δὲταῦτα
772 3528 822 3603 μὲν
836 3528 886 3587 ούκ
896 3531 928 3588 ἂν
943 3528 1040 3600 ἄλλως
1052 3528 1123 3607 ἔχοι,
1140 3528 1182 3588 δεῖ
1194 3527 1219 3586 δ’
1233 3575 1240 3591 .
1255 3575 1262 3588 .
1276 3575 1283 3604 ,
1299 3523 1303 3610 Ι
1316 3527 1385 3586 ούτω
1400 3529 1456 3607 χρὴ
1471 3575 1477 3588 .
1493 3575 1499 3588 .
1513 3523 1556 3609 ,4)

466 3753 486 3816 ¹)
505 3754 614 3804 Pericdi
632 3759 723 3803 autem
743 3754 809 3803 mihi
828 3759 898 3813 sunt,
922 3768 989 3818 quas
1008 3769 1080 3803 nunc
1099 3754 1212 3803 dicimus
1231 3754 1318 3802 secuti
1335 3752 1470 3802 Aristotel.
1489 3753 1557 3803 rhet.

360 3840 410 3903 III,
429 3842 445 3890 9
464 3838 531 3907 λέγω
552 3837 578 3890 δὲ
596 3838 707 3908 περίοδον
725 3837 789 3898 λέξιν
808 3836 913 3910 ἔχουσαν
932 3837 1009 3908 ἀρχὴν
1029 3838 1069 3889 καί
1087 3836 1199 3904 τελευτὴν
1219 3836 1292 3904 αὐτὴν
1312 3836 1365 3888 καθ’
1376 3835 1450 3902 αύτὴν
1463 3837 1502 3888 καὶ
1516 3837 1558 3907 μέ-

359 3925 428 3994 γεθος
448 3924 591 3977 εὐσύνοπτον
611 3927 739 3994 etAquil.
753 3927 830 3978 Rom.
850 3944 872 3978 o.
892 3929 924 3977 18
943 3924 992 3978 ‘est
1010 3933 1101 3977 autem
1121 3942 1153 3977 ea
1172 3926 1288 3992 (oratio),
1308 3941 1378 3992 quae
1396 3926 1557 3976 sententiam

359 4019 434 4064 certa
452 4015 567 4080 quadam
590 4015 838 4080 circumscriptione
857 4013 951 4064 definit
969 4019 1050 4080 atque
1069 4011 1256 4080 determinat'3
1280 4014 1314 4064 cf.
1333 4013 1448 4078 Longin.
1467 4013 1557 4062 tsohn.

359 4102 427 4152 rhet.
442 4101 520 4152 Rhet.
535 4102 580 4152 Gr.
594 4102 638 4168 Sp.
652 4103 665 4152 I
684 4104 742 4164 309,
762 4103 794 4150 31
814 4118 871 4168 sqq.
889 4101 904 4166 ἡ
924 4099 950 4150 δὲ
962 4099 1072 4169 περίοδος
1089 4099 1213 4170 ἐνθύμημά
1224 4099 1276 4159 πώς
1290 4099 1353 4151 ἐστιν
1365 4097 1557 4168 ἀπηγγελμένον,

362 4186 461 4256 ῥυθμοῖς
481 4184 601 4246 εὐτάκτοις
621 4187 710 4247 κώλοις
729 4205 754 4238 τε
772 4186 812 4237 καὶ
831 4188 969 4255 περικοπαῖς
983 4187 1035 4238 κατ’
1046 4185 1156 4251 ἀλλήλας
1170 4185 1325 4257 συμμέτροις.

466 4275 486 4340 ²)
505 4277 566 4326 Hoc
585 4276 757 4340 enthymema
776 4276 868 4341 paucis
887 4276 975 4325 verbis
994 4277 1105 4325 mutatis
1123 4277 1151 4324 in
1171 4276 1259 4341 capite
1278 4292 1315 4326 or.
1330 4275 1394 4325 1111.
1413 4275 1523 4340 legitur.

466 4362 487 4427 ³)
505 4363 583 4412 Haeo
600 4364 623 4412 si
635 4364 675 4412 ita
687 4363 888 4425 continuantur,
906 4368 937 4412 ut
951 4363 1037 4428 posita
1049 4367 1121 4426 sunt,
1140 4363 1214 4411 omni
1226 4364 1358 4412 varietate
1371 4367 1464 4412 carent
1476 4366 1558 4427 atque

359 4449 460 4499 lentius
478 4448 703 4515 aequabiliusque
722 4449 848 4499 accidunt
866 4449 982 4499 auribus,
1003 4455 1097 4499 contra
1114 4449 1176 4499 vide
1195 4465 1231 4500 or.
1244 4450 1299 4499 IIII
1319 4452 1342 4512 1,
1360 4448 1407 4499 ubi
1426 4449 1559 4498 concinne

359 4537 480 4602 pergitur
499 4533 519 4585 εἰ
537 4531 584 4603 γὰρ
604 4533 629 4584 ἐκ
648 4537 690 4584 τοῦ
708 4533 905 4603 παρεληλυθότος
917 4533 1008 4604 χρόνου
1020 4530 1051 4585 τὰ
1063 4533 1141 4585 δέονθ’
1152 4526 1218 4585 ούτοι
1231 4534 1432 4602 συνεβούλευσαν,
1447 4531 1516 4584 οὐδέν
1529 4531 1558 4583 ἂν

358 4621 420 4690 ὑμᾶς
439 4625 479 4674 νῦν
501 4621 547 4673 έδει
566 4621 734 4689 βουλεύεσθαι.

465 4712 485 4776 ⁴)
505 4712 677 4762 Contulimus
698 4727 779 4778 supra
796 4728 836 4778 pr.
850 4713 917 4775 30,2
936 4707 1015 4776 ἐπειδὴ
1036 4708 1062 4761 δὲ
1080 4705 1109 4761 τὰ
1128 4708 1169 4780 μέν
1187 4709 1365 4779 παρεληλυθότ’
1377 4707 1420 4760 oda
1433 4708 1461 4760 dc
1473 4705 1556 4768 ύίλλως

358 4794 419 4866 έχοι,
437 4797 477 4848 δεῖ
492 4797 515 4847 δ’
526 4797 550 4848 ἐκ
569 4799 616 4849 τῶν
634 4797 761 4866 παρόντων
781 4797 899 4866 ἐπαμῦναι
922 4803 971 4857 τοῖς
990 4797 1124 4867 πράγμασι,
1141 4799 1145 4866 Ι
1160 4800 1203 4849 τοῦ
1223 4796 1265 4867 μἐν
1285 4798 1427 4866 κατηγορεῖν
1446 4833 1474 4848 ..
1493 4795 1553 4864 ὁρῶ,
