3530 5536
704 503 898 556 ..9-

197 692 307 764 partes
325 689 481 748 coniuncta
500 692 597 746 essent
615 687 734 748 vinculo
755 707 880 765 cumque
903 691 1004 762 parata
1027 706 1089 745 esse
1111 693 1228 763 possent
1249 688 1286 744 ad
1309 707 1395 744 usum

198 793 355 866 futurum,
379 795 565 865 factumest,
592 799 626 851 ut
649 811 718 850 mox
740 796 869 850 oratores
892 791 1107 878 prooemiorum
1129 792 1315 850 collectiones
1338 791 1394 851 sibi

198 897 395 956 conficerent.

311 1004 417 1080 Itaque
440 1002 632 1078 Antiphontis
658 999 809 1078 prooemia
830 987 861 1058 et
883 1000 991 1076 epilogi
1017 1000 1195 1078 aliquotiens
1221 1000 1359 1072 citantur,
1370 995 1393 1078 ¹)

197 1126 293 1184 quae,
314 1111 456 1185 quantum
471 1126 509 1164 ex
523 1105 697 1181 fragmentis
716 1105 844 1183 perspici
863 1109 978 1180 potest*
991 1105 1084 1163 causis
1100 1104 1288 1163 iudicialibus
1304 1104 1394 1163 desti·

195 1216 273 1270 nata
289 1212 380 1270 fuisse
394 1211 570 1288 putabimus.
594 1215 674 1270 recte
686 1230 757 1271 vero
770 1211 897 1287 Spengel
912 1228 955 1282 ea,
973 1230 1048 1288 quae
1063 1209 1166 1268 Cicero
1182 1229 1221 1268 ex
1233 1209 1394 1268 Aristotele

198 1317 334 1393 sumpsit
345 1318 429 1375 Brut.
444 1321 492 1388 12,
507 1321 557 1389 47,
574 1317 610 1374 ad
626 1316 776 1392 prooemia
790 1316 843 1373 illa
857 1320 888 1374 et
903 1315 1033 1392 epilogos
1044 1315 1147 1374 refert.
1155 1309 1181 1396 2)
1198 1309 1311 1396 idem3)
1328 1333 1394 1374 cum

198 1421 371 1480 Andocidis
390 1421 531 1479 orationis
547 1423 573 1479 I.
589 1413 773 1497 prooemium
792 1422 886 1479 mults
905 1420 1071 1479 communia
1085 1422 1194 1479 habere
1210 1419 1394 1496 cognovisset

199 1544 275 1583 cum
290 1525 413 1584 exordio
429 1545 472 1584 or.
487 1525 633 1604 Lysianae
648 1526 796 1597 XVHII.,
816 1530 975 1603 utrumque
990 1526 1111 1583 ductum
1127 1545 1189 1582 esse
1205 1545 1243 1583 cx
1259 1527 1394 1602 exemplo

199 1630 306 1708 aliquo
325 1629 452 1688 rhetoris
467 1630 619 1688 cuiusdam
634 1629 779 1706 probabili
795 1629 964 1688 coniectura
979 1629 1093 1687 statuit.
1114 1628 1200 1706 quid?
1219 1631 1300 1707 quod
1315 1631 1396 1688 Blass

199 1734 351 1810 prooemii
370 1734 460 1805 illius,
481 1735 558 1812 quod
579 1738 698 1811 praeter
713 1733 899 1792 Andocidem
914 1739 944 1792 et
958 1733 1080 1812 Lysiam
1099 1733 1191 1792 etiam
1205 1735 1350 1792 Isocrates
1364 1727 1396 1792 in

201 1857 247 1896 or.
266 1839 326 1897 XV
343 1843 381 1897 17
398 1857 461 1916 sqq.
482 1842 512 1896 et
531 1839 654 1897 fortasse
669 1839 718 1898 vel
734 1837 871 1897 Cratinus
890 1838 923 1895 in
937 1837 1047 1916 Pytine
1063 1833 1114 1917 (fr.
1134 1841 1193 1896 185
1209 1832 1262 1916 Κ.)
1282 1839 1314 1896 in
1333 1858 1396 1896 rem

201 1963 291 2001 suam
303 1943 460 2015 convertit,
477 1948 626 2002 auctorem
637 1943 854 2019 Antiphontem
870 1962 932 2000 csse
948 1941 1127 2020 opinatur.⁴)
1144 1944 1219 2020 quod
1237 1943 1293 2000 etsi
1308 1945 1397 2001 auda-

201 2045 287 2105 ciore
307 2048 474 2106 coniectura
493 2049 646 2106 collectum
666 2067 729 2104 esse
748 2047 897 2118 concedas,
921 2051 1021 2110 tamen
1040 2046 1190 2122 prcoemio
1210 2048 1314 2105 eodem
1333 2049 1397 2106 fere

201 2156 347 2228 quattuor
358 2172 424 2210 usos
436 2172 498 2210 esse
511 2153 665 2228 scriptores
677 2151 773 2211 everti
781 2151 894 2228 nequit,
908 2171 947 2208 ex
955 2170 1012 2228 quo
1025 2150 1209 2225 intellegitur
1219 2151 1311 2209 fuisse
1322 2152 1397 2209 illud

202 2255 238 2312 in
254 2255 355 2333 aliqua
368 2256 586 2332 prooemiorum
601 2254 781 2314 collectione.
797 2275 902 2314 verum
914 2255 1005 2313 ctiam
1016 2254 1088 2312 alios
1104 2255 1167 2340 eius
1183 2255 1262 2313 modi
1277 2275 1397 2332 corpora

203 2360 358 2437 scripsisse
377 2361 551 2437 accepimus.
574 2364 653 2418 certe
674 2360 886 2438 Thrasymachi
904 2359 1055 2435 prooemia
1078 2364 1342 2418 commemorantur
1361 2363 1396 2419 ab

203 2467 362 2522 Athenaeo
371 2462 394 2540 5)
411 2485 450 2522 ex
460 2484 519 2522 uno
531 2466 568 2522 de
579 2483 701 2522 numero
713 2483 815 2521 eorum
826 2463 1076 2521 narratiunculam
1089 2465 1234 2541 quandam
1250 2465 1287 2522 de
1299 2464 1397 2522 Timo-

204 2569 336 2626 creontis
352 2569 497 2627 edacitate
512 2569 689 2646 proferento,
711 2567 822 2625 Critiae
838 2568 945 2651 deinde
966 2563 1139 2645 δημηγορικὰ
1154 2563 1281 2645 προοίμια
1297 2569 1397 2626 laudat

205 2676 420 2748 Hermogenes,
430 2667 455 2753 6)
481 2674 641 2750 Cephalum
665 2672 791 2749 deniquo
812 2671 917 2728 Suidas
928 2669 951 2744 ⁷)
974 2671 1134 2729 memoriae
1156 2672 1248 2730 tradit
1271 2672 1397 2748 primum

204 2779 358 2855 prooemia
384 2782 414 2836 et
439 2777 568 2853 epilogos
593 2777 736 2834 adiecisse
753 2775 944 2833 'orationibus
969 2775 1078 2833 litteris
1105 2775 1264 2847 mandatis,
1296 2776 1339 2834 ita
1364 2780 1398 2833 ut

206 2884 439 2940 Demosthenem
459 2901 575 2959 quoque
594 2880 744 2957 prooemia
767 2880 823 2938 sibi
846 2879 1005 2938 confecisse
1028 2880 1169 2938 credibile
1189 2880 1339 2952 videatur3
1363 2901 1398 2938 es

206 3006 281 3046 vero
302 3007 376 3063 quae
396 2987 530 3046 adhunc
551 2986 722 3043 referuntur
744 2985 894 3061 prooemia
913 3004 984 3041 num
1005 2984 1071 3042 iure
1095 2985 1154 3042 siut
1176 2984 1269 3061 ipsius
1293 2985 1396 3043 existi·

162 3079 165 3086 ¹
207 3091 324 3161 manda,
349 3092 422 3148 haec
442 3089 574 3167 quaestio
597 3089 629 3146 in
653 3109 686 3146 eo
711 3089 848 3159 vertitur,
874 3092 974 3146 utrum
997 3089 1120 3146 oratoris
1141 3088 1221 3146 inter
1242 3109 1342 3146 omnes
1364 3089 1395 3146 in

208 3195 291 3252 omni
311 3214 418 3269 genere
438 3193 555 3252 dicendi
575 3193 734 3252 eminentis
754 3193 871 3251 nomine
887 3192 976 3266 digna
990 3193 1176 3269 reperiantur
1190 3213 1296 3263 necue;
1320 3194 1397 3271 quod

209 3299 348 3373 diligenti
375 3319 476 3357 eorum
503 3299 752 3375 pervestigatione
775 3297 913 3356 instituta
936 3298 1154 3374 expediendum
1177 3317 1239 3356 esse
1261 3302 1329 3356 ante
1353 3297 1397 3355 di-

209 3407 291 3462 ctum
307 3397 395 3481 est.⁸)

314 3509 378 3566 Iam
399 3507 493 3582 igitur
514 3509 551 3564 ad
575 3526 609 3564 ea
630 3508 839 3583 perscrutanda
860 3526 913 3564 nos
935 3507 1130 3582 accingamus.
1163 3511 1257 3584 'atque
1280 3525 1333 3580 ego
1357 3505 1398 3563 sic

210 3617 321 3669 statuo:
342 3613 386 3669 eis
400 3611 558 3688 prooemiis
574 3611 678 3682 missis,
700 3631 776 3688 quae
791 3611 972 3670 conveniunt
992 3631 1058 3668 cum
1078 3610 1210 3668 exordiis
1233 3611 1398 3668 orationum

316 3814 336 3876 1)
356 3815 428 3864 Suid.
447 3831 466 3865 s.
485 3832 527 3867 vv,
548 3811 682 3877 c'r'ctscbar,
702 3810 760 3882 ἅμα,
780 3812 910 3883 μοχθηρός.

316 3901 337 3965 ²)
357 3901 397 3951 Of.
415 3901 492 3951 Blass
510 3903 524 3951 1
545 3904 593 3951 103
606 3918 644 3968 sq.

315 3988 336 4052 3)
356 3985 444 4055 Συναγ.
462 4004 527 4056 τεχν.
545 4005 571 4053 p.
586 3990 644 4038 108.
1244 4054 1246 4058 ,

317 4074 337 4139 ⁴)
357 4075 397 4124 cf.
410 4075 488 4124 Blass
500 4075 540 4124 III
553 4077 577 4138 2,
590 4077 640 4124 334
654 4075 723 4140 (add.
738 4074 772 4124 ad
784 4075 836 4125 vol.
846 4073 890 4139 1.),
902 4075 1047 4124 Andocidis
1060 4076 1211 4124 orationum
1224 4074 1265 4124 ed.
1277 4076 1324 4125 alt.
1336 4092 1362 4140 p.
1378 4077 1399 4123 1.

317 4161 338 4226 ⁵)
357 4161 376 4210 x
395 4163 445 4211 416
464 4161 491 4209 A.

317 4247 337 4312 ⁶)
357 4245 415 4314 Περὶ
435 4245 504 4296 ἰδεῶν
523 4248 540 4298 l.
556 4264 578 4297 c.
597 4265 621 4313 p.
636 4250 695 4313 416,
715 4251 729 4297 2
749 4265 814 4313 sqq.‚
833 4249 866 4297 cf.
885 4247 961 4298 Blass
978 4249 992 4297 1
1010 4249 1061 4297 263
1080 4253 1107 4298 et
1126 4249 1184 4297 267.

315 4335 336 4398 l)
356 4334 381 4384 S.
400 4351 424 4384 v.
444 4331 562 4400 Κέφαλος,
581 4335 614 4384 cf.
633 4335 710 4384 Blass
727 4335 767 4384 IIl
787 4338 810 4398 1,
830 4337 843 4383 1
863 4351 900 4400 sq.

316 4421 337 4487 ⁸)
356 4422 390 4471 Ei
401 4437 473 4484 vero,
492 4423 538 4487 qui
551 4421 681 4488 exemplis
692 4428 776 4472 artem
790 4423 896 4472 dicendi
909 4422 1059 4484 tradebant,
1077 4437 1144 4487 quos
1162 4423 1302 4487 magistros
1314 4422 1400 4471 rheto-

213 4510 281 4558 ricos
290 4523 425 4571 vocamus,
437 4508 591 4574 frequenter
604 4509 637 4558 de
649 4511 846 4574 prooemiorum
855 4510 883 4558 vi
896 4515 978 4574 atque
991 4515 1086 4558 natura
1099 4509 1235 4571 dicebant3
1249 4510 1342 4574 inquo
1355 4523 1400 4557 eos

213 4595 242 4642 in
260 4595 350 4659 primis
368 4594 502 4644 iudicialis
520 4597 626 4660 generis
644 4597 775 4645 rationem
794 4596 920 4646 habuisse
937 4599 1049 4645 constat.
1076 4594 1186 4660 longum
1202 4599 1243 4644 est
1255 4595 1288 4644 de
1305 4595 1400 4644 horum

213 4682 362 4746 praeceptis
375 4681 503 4731 disserere
516 4696 646 4747 suamque
659 4696 691 4731 ea
704 4697 746 4732 res
758 4683 869 4746 requirit
882 4683 1096 4748 disputationem.
1109 4680 1243 4746 permulta
1255 4681 1288 4730 de
1300 4681 1402 4730 exordii

213 4768 360 4818 rationibus
379 4770 513 4836 congessit
530 4769 561 4819 R.
574 4768 820 4826 Volkmanulthet.
832 4769 925 4821 Graec.
940 4774 967 4821 et
979 4754 1055 4819 Rom.
1068 4768 1109 4820 sd.
1127 4773 1198 4818 auct.
1216 4784 1241 4836 p.
1257 4768 1400 4824 lus-148.
