3530 5536
815 488 1032 541 ...96-

330 669 515 750 θτ’έξήχθητε
530 671 579 732 ὑπδ
594 673 704 750 τούτων,
725 674 801 751 qnod
825 667 973 749 ἐξάγεσθαι
986 677 1110 734 verbum
1130 695 1195 732 eam
1210 675 1273 734 vim
1293 694 1326 732 ac
1345 679 1521 751 potestatem

329 781 428 849 habet,
451 798 525 857 qnae
545 779 576 836 in
592 775 762 856 παράγεσθαι
781 777 877 835 inesse
892 779 975 835 solet.
1006 798 1074 835 nam
1090 785 1225 856 quaeest
1244 784 1350 835 natura
1365 778 1449 836 verbi
1472 772 1521 847 ἑξ-

330 881 453 958 άγεσθαι,
466 883 517 941 ubi
530 902 587 940 non
599 881 719 959 proprie
731 886 776 939 est
787 881 883 952 educi,
897 882 1017 958 expelli,
1031 882 1191 960 exportari,
1204 884 1282 960 opud
1291 883 1522 940 Demosthenem

329 987 440 1065 ubique
456 987 585 1058 additur,
607 987 677 1065 qnid
694 991 728 1044 nt
741 986 833 1044 faciat
847 985 954 1064 aliquis
969 986 1153 1063 impellatur:
1175 1006 1216 1044 or.
1236 992 1285 1057 19,
1306 1005 1344 1044 ιεσ
1363 983 1457 1062 λέγειν
1473 980 1522 1056 ἑξ-

330 1090 444 1168 άγομαι,
461 1111 503 1150 or,
518 1096 567 1161 21,
584 1110 609 1148 41
625 1090 643 1146 ἃ
660 1087 709 1162 μὲν
722 1087 754 1146 άν
765 1108 806 1158 τις
819 1131 826 1147 .
841 1134 847 1147 .
861 1084 966 1169 ἐξαχθῇ
982 1085 1092 1168 πρᾶξαι,
1108 1088 1210 1167 ibid.§
1225 1095 1263 1150 74
1280 1087 1358 1147 οὑδὲν
1374 1087 1521 1162 ἀνήκεστον

331 1190 484 1271 ἐξαχθέντα
505 1187 616 1272 πρᾶξαι.
662 1194 693 1251 in
721 1193 871 1271 prooemio
898 1195 991 1268 igitur
1018 1196 1077 1252 tale
1099 1197 1223 1255 verbnm
1249 1197 1336 1270 plane
1359 1194 1519 1252 desideras.

331 1319 376 1376 pr.
394 1303 444 1371 53,
466 1319 478 1357 r
499 1295 527 1355 αἱ
545 1293 599 1354 τῶν
623 1295 742 1376 ῥητόρων
763 1296 888 1355 ἁπάντων
909 1296 971 1354 άνευ
990 1295 1106 1376 κρίσεως
1124 1298 1192 1374 πρός
1212 1295 1357 1372 ἀλλήλους
1377 1294 1520 1376 λοιδορίαι,

332 1395 371 1461 ὧν
391 1404 424 1460 ἂν
445 1399 589 1475 ἀλλήλους
609 1396 802 1480 ἐξελέγξωσιν,
825 1400 895 1475 ὑμᾶς
914 1395 962 1472 τὰς
983 1400 1093 1472 εὑθὺνας
1112 1400 1215 1460 διδόναι
1233 1403 1338 1460 ποιοῦσι
1360 1403 1523 1460 insolenter

333 1506 445 1577 εὑθὺνας
461 1503 563 1565 διδόναι
582 1507 603 1565 i.
620 1527 646 1564 e.
663 1506 809 1564 rationem
824 1508 949 1564 reddere
964 1507 1089 1565 alicuius
1104 1507 1149 1566 rei
1165 1508 1209 1565 ito
1223 1512 1396 1584 usurpatum
1412 1511 1465 1578 est,
1487 1525 1521 1564 ae

331 1612 356 1670 si
376 1611 524 1686 significet
540 1610 657 1687 ‘poenas
673 1608 763 1669 darc'.
794 1616 826 1668 at
844 1611 970 1669 interest
988 1611 1102 1688 aliquid
1123 1612 1202 1669 inter
1218 1609 1372 1670 ‘rationem
1387 1608 1521 1668 reddere'

331 1721 362 1774 et
382 1713 499 1792 ‘poenas
522 1713 612 1772 dare‘.
650 1733 684 1772 ac
706 1714 767 1772 iam
785 1716 903 1772 Dobree
925 1716 1004 1773 hunc
1026 1717 1122 1772 locum
1143 1735 1174 1772 se
1196 1716 1370 1790 intellegere
1391 1715 1521 1790 negavit.

332 1819 440 1878 mirum
460 1820 491 1878 in
512 1821 632 1877 modum
652 1819 780 1894 simplex
795 1821 919 1878 verbnm
939 1813 1003 1876 ίδεῖν
1024 1839 1076 1896 pro
1097 1820 1257 1896 composito
1273 1816 1386 1876 συνιδεῖν
1402 1819 1524 1895 ponitur

331 1944 375 2001 pr.
394 1928 444 1994 33,
466 1943 479 1980 4
499 1919 562 1980 οὑδὲ
581 1920 635 1999 γὰρ
656 1918 788 2001 αὑταρκες
807 1921 838 1980 τδ
858 1918 923 1980 ίδεῖν
945 1921 999 2009 ἐστι
1018 1921 1052 1980 τά
1071 1925 1190 2000 τοιαῦτα,
1214 1926 1292 2001 quod
1312 1924 1422 1982 Reiske
1442 1928 1522 1981 reete

331 2027 431 2088 verbis
439 2027 647 2104 perspiciendi,
660 2027 853 2102 intellegendi
863 2028 1075 2105 interpretatus
1083 2033 1137 2085 est.
1154 2033 1271 2104 praeter
1279 2027 1522 2086 consuetudinem

331 2130 523 2209 περιέρχεσθαι
537 2134 662 2191 verbnm
677 2131 837 2189 admissum
853 2138 898 2190 est
913 2152 956 2208 pr.
975 2135 1025 2203 56,
1042 2128 1164 2190 ιπολλά
1179 2129 1232 2210 γάρ
1250 2130 1327 2190 ἀλλα
1340 2150 1380 2201 τις
1396 2132 1428 2187 ἂν
1443 2150 1522 2208 περι-

333 2233 409 2293 έλθοι
428 2232 467 2312 τῷ
486 2233 575 2313 λόγῳ,
596 2235 675 2313 qnod
695 2255 762 2293 oum
781 2256 811 2293 se
833 2236 1006 2310 intellegere
1026 2240 1160 2311 negasset
1180 2237 1299 2308 Reishe,
1321 2237 1462 2294 Sohaefer
1481 2236 1522 2293 sic

333 2340 543 2416 interpretatus
563 2345 621 2397 est:
642 2338 746 2397 ‘multa
764 2340 801 2396 ad
821 2360 884 2397 rem
904 2360 962 2396 non
982 2340 1124 2397 facientia
1139 2341 1270 2398 oratione
1286 2340 1440 2416 complecti
1457 2339 1523 2417 quis

331 2441 442 2520 possit’.
466 2448 496 2501 at
511 2464 549 2500 ne
565 2443 671 2502 similis
687 2444 808 2520 quidem
823 2444 907 2504 verbi
922 2443 1113 2522 περιέρχεσθαι
1129 2444 1305 2519 significatio
1322 2445 1398 2520 apud
1414 2445 1522 2501 Demo·

332 2549 468 2606 sthenem
491 2547 657 2619 invenitur;
681 2549 720 2606 ef.
737 2568 777 2606 or.
796 2554 824 2619 9,
849 2567 886 2619 ⁷23
914 2553 962 2619 18,
988 2567 1039 2619 1so;
1068 2554 1116 2620 19,
1140 2567 1192 2619 arm
1216 2549 1289 2607 ibid.
1310 2545 1325 2624 §
1343 2553 1419 2619 288;
1445 2552 1520 2619 3103

333 2672 374 2710 or.
390 2657 439 2723 21,
452 2670 491 2710 sos
505 2646 547 2731 (v.
562 2644 615 2733 [or.
631 2644 691 2734 13],
705 2671 743 2723 193
756 2645 810 2734 [or.
826 2646 887 2734 17],
902 2672 939 2723 rs;
954 2646 1007 2734 [or.
1022 2645 1084 2734 25],
1098 2671 1136 2724 513
1150 2653 1222 2710 ibid.
1235 2651 1252 2728 S
1265 2646 1331 2732 52).
1343 2686 1379 2694 -
1391 2673 1435 2729 pr.
1448 2657 1497 2724 14,
1510 2672 1523 2710 ιι

332 2754 366 2813 τὰ
385 2754 526 2835 πράγμαθ’
535 2755 609 2834 ὁρᾶτ’
620 2753 757 2833 ἐγγυτέρω
777 2756 961 2833 προσάγοντα;
981 2757 1127 2834 προσάγειν
1147 2758 1227 2814 idem
1243 2759 1324 2815 valet
1344 2759 1420 2834 quod
1442 2777 1523 2814 acce-

333 2863 413 2932 dere,
434 2859 606 2938 προσάγοντα
621 2863 695 2937 qnod
712 2861 869 2938 προσιόντας
891 2862 942 2918 sed
958 2863 1035 2938 apud
1053 2863 1283 2919 Demosthenem
1297 2861 1445 2939 προσάγειν
1459 2862 1523 2919 fere

333 2969 378 3022 est
393 2966 548 3034 adducere,
565 2964 707 3021 adhihere
719 2965 831 3042 aliquid
848 2967 884 3022 ad
901 2965 1024 3043 aliquid,
1042 2966 1079 3022 ef.
1093 2985 1134 3023 or.
1151 2971 1199 3036 18,
1216 2985 1241 3023 aa
1252 2962 1314 3034 τοὺς
1325 2962 1451 3041 πρέσβεις
1462 2984 1522 3042 πρ,;

334 3088 376 3126 or.
392 3073 440 3139 19,
454 3086 480 3126 eo
492 3065 668 3144 συκοφαντίαν
679 3065 738 3124 τινὰ
748 3067 805 3137 τοῖς
816 3069 956 3147 πράγμασι
968 3068 1084 3145 τοὺτοιςς
1102 3089 1144 3127 or.
1158 3074 1207 3141 22,
1225 3089 1251 3128 τυ
1263 3065 1305 3126 ἐπὶ
1316 3070 1373 3138 τοῖς
1385 3069 1523 3146 στεφάνοις

333 3171 412 3230 ταὺτδ
429 3169 532 3228 δίκαιον
547 3173 633 3248 τοῦτο’,
652 3167 703 3253 (cf.
721 3165 773 3254 [or.
790 3165 850 3254 59],
869 3192 906 3230 11o
922 3170 1018 3252 ἱερεῖον
1036 3169 1090 3253 (sc.
1107 3172 1174 3250 πρός
1188 3173 1233 3230 τὀν
1250 3168 1367 3253 βωμόν).

437 3277 573 3334 Novatur
594 3275 706 3353 aliquid
730 3296 774 3352 pr.
797 3280 847 3347 52,
870 3296 883 3334 υ
905 3278 1028 3334 τοσαῦται
1050 3277 1144 3352 τέχναι
1167 3273 1214 3334 καὶ
1235 3279 1358 3354 γοητεῖαι
1380 3273 1427 3334 καί
1450 3277 1524 3346 όλιυς

334 3377 474 3459 ὑπηρεσίαι
488 3379 558 3448 τινές
580 3375 643 3440 εἰσιν
666 3378 706 3456 ἐρ’
720 3379 789 3453 ὑμᾶς
808 3380 1066 3454 κατεσκευασμέναι.
1097 3403 1164 3439 nam
1184 3379 1318 3458 ὑπηρεσία
1335 3387 1366 3439 et
1385 3379 1524 3459 ὑπηρεσίαι

334 3486 445 3563 ubique
460 3485 524 3542 fere
540 3486 616 3560 apud
630 3486 861 3542 Demosthenem
877 3485 1017 3543 dicuntur
1030 3486 1159 3544 ministri
1176 3489 1308 3546 navales:
1324 3487 1410 3558 fabri,
1428 3487 1523 3564 coqui,

335 3590 427 3647 ceteri
447 3589 478 3645 id
499 3609 600 3663 genus.
630 3608 705 3645 nnus
723 3594 806 3646 extat
825 3591 913 3660 locus,
935 3610 1022 3667 quem
1038 3592 1163 3668 quodam
1179 3593 1265 3648 modo
1281 3592 1414 3648 conferre
1432 3591 1524 3666 possis

335 3693 468 3751 camillo
484 3692 628 3768 prooemii
643 3694 714 3762 loco,
732 3712 774 3750 or.
793 3696 842 3764 31,
860 3713 872 3751 s
888 3690 918 3749 σὺ
933 3690 965 3751 δὲ
980 3691 1129 3750 τοὺναντίον
1146 3688 1286 3774 ἐξελέγχῃ
1301 3688 1407 3772 πράξας
1423 3691 1462 3762 εἰς
1477 3691 1525 3766 τήν

335 3795 397 3854 καθ’
410 3795 488 3869 ἡμῶν
505 3792 665 3874 ὑπηρεσίαν;
686 3817 754 3854 nam
769 3794 901 3874 ὑπηρεσία
916 3799 958 3854 ibi
975 3817 1037 3855 esse
1052 3798 1174 3856 videtur
1187 3799 1389 3856 ministerium
1403 3799 1525 3857 alterius

336 3901 442 3959 studiis
462 3901 654 3972 inserviendi,
679 3920 766 3978 qnam
787 3891 1032 3976 significationem
1052 3903 1161 3960 Rciske
1182 3903 1324 3978 prooemii
1343 3906 1405 3960 loco
1425 3903 1525 3963 vindi-

336 4005 425 4065 cavit.
456 4011 487 4063 at
506 4005 648 4064 videntur
666 4007 696 4063 h.
713 4007 733 4063 l.
750 4006 848 4082 potius
867 4003 1006 4085 ὑπηρεσίαι
1026 4009 1063 4064 ad
1083 4009 1183 4065 dolum
1203 4012 1290 4085 atque
1310 4008 1440 4066 fallacias
1460 4029 1525 4085 per-

336 4103 473 4188 tinerel)
505 4110 632 4167 ethaeo
652 4129 691 4166 ex
711 4111 910 4168 Demosthene
930 4112 992 4187 ipso
1014 4113 1198 4187 deprompta:
1221 4131 1263 4168 or.
1282 4116 1331 4183 24,
1353 4131 1378 4170 14
1397 4112 1455 4181 ταῖς
1472 4110 1526 4190 γὰρ

339 4210 450 4270 ἐκείνων
469 4212 579 4288 τέχναις
598 4208 645 4270 καί
663 4210 837 4290 πανουργίαις
858 4213 994 4286 μισθώσας
1015 4212 1093 4272 αὑτόν
1109 4210 1155 4271 καί
1170 4212 1319 4292 παρασχὼν
1335 4214 1468 4292 ὑπηρέτην
1485 4215 1526 4292 ἐρ’

338 4316 416 4373 αὑτόν
432 4315 522 4394 ήγαγε
538 4310 721 4402 τάδικήματα,
738 4338 779 4375 or.
799 4323 847 4388 19,
864 4337 902 4376 325
918 4321 1009 4375 τοῦτον
1024 4318 1069 4375 τδν
1084 4319 1181 4394 τρόπον
1196 4314 1242 4376 καί
1257 4318 1391 4388 τοιαὺταις
1407 4320 1525 4397 τέχναις,

337 4441 379 4480 or.
398 4426 447 4492 21,
472 4440 497 4479 81
519 4420 650 4490 τοσαὺτας
672 4421 773 4496 τέχνας
795 4417 842 4478 καὶ
865 4422 987 4499 σκήψεις,
1011 4428 1121 4494 01230,
1146 4443 1171 4480 24
1192 4422 1326 4492 τοιαὺταις
1348 4424 1458 4499 τέχναις
1480 4422 1527 4482 καὶ

340 4567 547 4576 ——--—-

442 4663 462 4728 1)
476 4661 601 4712 Schaefer
613 4662 647 4710 de
656 4663 812 4712 coniectura
824 4659 962 4730 συνηρεσίαι
976 4663 1112 4727 cogitavit,
1125 4664 1197 4728 qood
1209 4665 1319 4714 verbum
1333 4635 1527 4729 intorpretatur

339 4765 385 4814 per
404 4747 533 4816 συνεργίαι.
