3530 5536
856 533 1071 586 -52-

370 717 620 799 βουλεύσησθ’ύπὲρ
636 718 724 796 αύτσύ,
739 717 789 789 τάς
799 717 873 796 παρά
883 723 936 776 τῶν
960 714 963 801 ἰ
989 717 1043 798 γὰρ
1056 715 1156 799 ύμῖν,“)
1173 716 1227 780 ἐὰν
1238 720 1256 776 ἀ
1266 717 1320 796 χρὴ
1337 717 1514 794 βουλεύσησθ’
1523 719 1557 776 ύ-

369 822 576 898 διαβαλλόντων
591 824 640 898 τὴν
655 821 735 882 πόλιν
750 823 829 899 ἡμῶν
843 821 936 894 βλασ-
988 818 1072 906 πὲρθ)
1093 823 1180 902 αύτοϋ,
1201 821 1250 893 τάς
1268 816 1342 901 παρά
1362 828 1415 881 τῶν
1435 823 1557 897 διαβαλ-

368 922 469 1008 φημίας
486 928 558 1006 ἔργῳ
575 927 644 1003 μετὰ
660 923 744 1001 δόξης
758 926 849 1002 καλῆς
865 927 935 987 ἀπο·
988 927 1093 986 λόντων
1115 927 1163 1001 τήν
1183 928 1262 987 πόλιν
1282 927 1361 1002 ἡμῶν
1381 925 1557 1005 βλασφημίας

367 1032 508 1092 λύσασθαι.
990 1031 1062 1110 ἔργῳ
1079 1026 1147 1106 μετὰ
1163 1028 1244 1108 δόξης
1256 1032 1348 1106 καλῆς
1361 1030 1556 1092 ἀπολύσασθαι.

471 1139 553 1196 Haeo
575 1137 653 1195 nihil
675 1141 738 1196 t'ere
762 1138 913 1196 differunt.
960 1137 1116 1196 exordium
1138 1143 1239 1196 nutem
1260 1158 1302 1196 or.
1326 1140 1394 1196 XV.
1419 1139 1450 1195 in
1473 1139 1557 1197 libris

367 1243 551 1302 emendatius
566 1242 710 1300 traditum
726 1262 789 1300 esse
804 1242 933 1302 videtur.

367 1418 573 1493 Sequuntur
588 1415 671 1486 loci,
689 1416 749 1493 qui
765 1415 888 1491 paucis
900 1416 1216 1475 dumtaxatverbis
1228 1415 1388 1486 mutetis,
1406 1416 1553 1488 additis,

366 1520 519 1596 demptis
542 1519 579 1576 in
601 1519 824 1590 ineuntibus,
848 1519 990 1590 mediis,
1015 1520 1186 1577 extremis
1205 1520 1459 1578 Demosthenis
1483 1539 1554 1578 ore·

744 1623 907 1682 tionibus
930 1623 1177 1684 inveniuntur.

430 1768 584 1841 pr.1,1sq.
594 1759 625 1820 Ei
635 1758 754 1841 μὲνπερί
762 1764 855 1820 καινοῦ
863 1781 933 1832 τινος
960 1762 962 1816 ί
1051 1783 1091 1821 or.
1108 1764 1176 1820 1111
1196 1757 1238 1841 ιθ)
1259 1758 1290 1819 Εἰ
1311 1761 1362 1835 μὲν
1380 1759 1443 1840 περὶ
1462 1765 1554 1821 καινοῦ

365 1867 526 1945 πράγματος
544 1865 701 1945 προυτίθετ’,
723 1861 745 1924 ώ
766 1865 791 1924 ἀ.
809 1866 857 1942 Ἀ,
879 1865 932 1924 λε’-
985 1884 1055 1934 τινος
1070 1866 1230 1944 πράγματος
1245 1864 1403 1944 προυτίθετ’,
1420 1861 1442 1923 ὦ
1460 1866 1485 1924 ἀ.
1503 1864 1553 1944 Ἀ,

364 1989 433 2048 γειν,
451 1969 568 2046 ἐπισχὼν
585 1971 617 2028 ἀν
633 1970 686 2038 ἕως
703 1967 727 2026 οἱ
741 1967 865 2027 πλεῖστοι
879 1973 932 2026 τῶν
985 1968 1090 2047 λέγειν,
1115 1967 1233 2045 ἐπισχών
1257 1971 1288 2026 ἀν
1314 1970 1367 2040 ἕως
1388 1971 1412 2028 οἰ
1431 1969 1553 2028 πλεῖστοι

364 2071 499 2133 εἰωθότων
513 2075 626 2152 γνώμην
643 2073 821 2152 ἀπεφήναντο,
843 2070 865 2131 εἰ
883 2073 932 2143 μὲν
958 2073 961 2156 J
985 2077 1038 2130 τῶν
1055 2070 1187 2130 εἰωθότων
1202 2075 1315 2151 γνώμην
1332 2070 1511 2152 ἀπεφήναντο,
1530 2073 1553 2132 εἰ

364 2177 463 2256 ἤρεσκέ
478 2175 503 2237 τί
519 2199 565 2253 μοι
583 2176 637 2236 τῶν
654 2177 798 2257 ῥηθέντων,
819 2176 932 2253 ἡσυχίαν
986 2176 1036 2250 μὲν
1052 2177 1152 2254 ἤρεσκέ
1172 2176 1197 2235 τί
1217 2197 1263 2252 μοι
1281 2182 1334 2236 τῶν
1354 2175 1417 2239 ὑπὸ
1433 2177 1554 2240 τούτων

364 2277 490 2362 ἀνῆγον,
512 2279 536 2340 εἰ
553 2281 583 2340 δὲ
604 2284 652 2360 μή,
674 2281 728 2340 τότ’
738 2283 770 2339 ἀν
785 2278 832 2340 καί
853 2281 932 2352 αύτδς
985 2279 1130 2359 ῥηθέντων,
1146 2280 1259 2358 ἡσυχίαν
1276 2284 1308 2341 ἀν
1323 2278 1401 2359 ἦγον,
1419 2280 1442 2340 εἰ
1459 2282 1490 2342 δὲ
1504 2286 1552 2363 μή,

365 2385 518 2466 ἐπειρώμην
531 2381 700 2464 ἀγιγνώσκω
712 2386 821 2462 λέγειν·
836 2384 930 2459 ἐπειδὴ
983 2385 1036 2444 τότ’
1047 2388 1079 2444 ἀν
1099 2384 1146 2444 καὶ
1167 2380 1276 2467 αύτόςᾱ)
1294 2382 1447 2466 ἐπειρώμην
1468 2389 1486 2445 ἀ
1505 2409 1551 2466 γι-

364 2490 399 2570 δ’,
416 2489 482 2570 ὑπὲρ
498 2484 534 2549 ών
550 2489 690 2561 πολλάκις
706 2488 843 2570 εἰρήκασιν
860 2483 931 2550 οὗτοι
983 2483 1098 2567 γιώσκω
1114 2489 1223 2567 λέγειν·
1242 2489 1334 2564 ἐπειδὴ
1352 2489 1387 2568 δ’,
1404 2490 1498 2573 ύπὲρθ)
1514 2485 1552 2550 ὧν

363 2594 503 2675 πρότερον,
530 2589 605 2678 περὶ
631 2593 751 2657 τούτων
778 2592 833 2652 νυνί
855 2613 931 2657 ouo·
982 2590 1120 2665 πολλάκις
1148 2592 1284 2673 εἰρήκασιν
1313 2588 1384 2654 οὗτοι
1406 2596 1550 2674 πρότερον,

362 2702 463 2777 νοεῖτε,
486 2700 605 2778 ἡγοῦμαι
624 2697 670 2758 καὶ
689 2704 796 2779 πρῶτος
812 2699 930 2769 ἀναστὰς
983 2693 1150 2779 συμβαίνει
1164 2694 1220 2760 καί
1234 2697 1289 2758 νυνί
1305 2701 1446 2777 σκοπεῖν,
1463 2701 1551 2778 ἡγού-

362 2802 475 2875 εἰκότως
488 2805 519 2860 ἂν
531 2804 610 2884 μετὰ
621 2801 751 2879 τούτους
763 2800 867 2866 δοκεῖν
878 2799 930 2866 λε’·
983 2822 1031 2877 μαι
1052 2801 1099 2861 καί
1120 2801 1227 2881 πρῶτος
1247 2803 1364 2875 ἀναστὰς
1386 2801 1498 2876 εἰκότως
1518 2807 1551 2863 ἀν

362 2927 437 2989 γειν.
450 2904 473 2965 εἰ
485 2906 542 2989 μὲν
553 2901 606 2969 οὖν
617 2896 682 2986 εἶχε
689 2905 792 2983 καλῶς
799 2908 839 2968 σὰ
846 2909 930 2990 στρά-
983 2906 1163 2990 συγγνώμης
1170 2909 1339 2988 τυγχάνειν.
1354 2905 1375 2965 εἰ
1386 2908 1443 2991 γὰρ
1453 2907 1551 2970 &scot

362 3031 476 3093 γριασα,
490 3010 566 3070 σύδὲν
580 3013 612 3069 ἀν
625 3011 681 3070 ἔδει
693 3009 928 3093 συμβουλεύειν·
981 3008 1241 3094 παρεληλυθότος
1260 3011 1370 3093 χρόνου
1385 3013 1425 3073 τὰ
1441 3005 1550 3075 δέονθ’

363 3113 474 3199 ἐπειδὴ
491 3107 520 3177 θ’
533 3163 540 3177 .
555 3163 562 3176 .
578 3117 773 3198 πειράσομαι
788 3118 928 3198 συμβου-
982 3107 1069 3177 οὗτοι
1090 3113 1343 3194 συνεβούλευσαν,
1369 3115 1446 3174 οὐδὲν
1466 3117 1498 3175 ἀν
1513 3114 1549 3178 θ-

362 3215 497 3282 λεύεινθί
514 3267 542 3281 ..
558 3214 685 3301 νομίζω.
701 3218 806 3300 πρῶτον
820 3221 870 3294 μὲν
884 3217 928 3278 σύν
981 3221 1043 3298 μᾶς
1051 3223 1103 3279 νῦν
1112 3218 1168 3277 ἔδει
1177 3217 1399 3298 βουλεύεσθαι.
1415 3219 1458 3298 §2
1471 3219 1549 3300 πρῶ-

363 3325 622 3403 ..ἓθέπειτα..
981 3344 1026 3382 τον
1044 3324 1093 3398 μὲν
1110 3321 1155 3382 σύν
1173 3323 1373 3402 ..ῥ3ἕπειί
1391 3371 1423 3385 ..

465 3433 548 3489 Inest
561 3431 673 3508 aliquid
683 3431 820 3507 ponderis
834 3431 864 3487 in
873 3428 922 3488 ύπδ
930 3428 1040 3506 τούτων,
1054 3432 1131 3508 quod
1140 3431 1171 3488 in
1181 3432 1303 3488 exordio
1313 3452 1355 3490 or.
1365 3432 1441 3490 1111.
1451 3433 1549 3492 verbis

362 3531 384 3592 εἰ
401 3532 451 3608 μὲν
466 3533 567 3613 ἤρεσκέ
582 3533 605 3591 τί
622 3553 666 3608 μοι
682 3538 755 3593 τῶν.
770 3533 926 3613 ,ῥηθέντων
942 3536 1070 3606 additur,
1089 3555 1145 3612 quo
1162 3535 1367 3610 significentur
1381 3533 1406 3593 οἱ
1423 3531 1549 3605 εἰωθότες

363 3639 474 3714 γνώμην
487 3636 690 3717 ἀποφαίνεσθαι,
704 3641 740 3696 de
751 3640 857 3716 quibus
869 3641 955 3716 paulo
966 3639 1172 3716 supradictum
1182 3646 1236 3711 est,
1249 3661 1345 3718 neque
1354 3643 1549 3717 suspicionem

461 3852 483 3917 ⁵)
502 3849 557 3920 ύμῖν
576 3868 626 3902 om.
640 3851 667 3901 Σ.

460 3939 483 4006 1))
503 3936 560 4005 ὑπὲρ
584 3939 658 4005 vulg.
677 3956 715 4006 γρ.
735 3937 762 4001 Σ,
786 3937 839 4004 περὶ
858 3938 904 3989 EA
923 3957 961 4007 γρ.
983 3937 1008 4003 Υ,
1032 3937 1089 4007 ὑπὲρ
1114 3941 1204 4006 (supra
1227 3943 1325 4006 scripto
1347 3940 1411 4008 περὶ)
1430 3944 1459 3993 F.
1480 3943 1548 3993 illud

360 4027 431 4077 Weil
450 4033 477 4076 et
494 4027 579 4094 Blass,
598 4027 648 4077 hoc
666 4027 778 4076 Voemel
797 4029 906 4092 recepit.

460 4113 480 4178 e)
499 4115 560 4164 Hoc
576 4117 605 4164 in
624 4115 731 4165 exordio
750 4116 942 4165 conscribendo
956 4117 1131 4166 Demostheni
1150 4117 1315 4181 prooemium
1335 4133 1370 4167 or.
1383 4118 1429 4167 VI.
1447 4118 1547 4168 Isocra-

359 4203 413 4252 tiae
432 4207 495 4252 ante
514 4201 605 4252 oculos
624 4203 793 4252 obversatum
813 4218 869 4252 esse
888 4205 941 4252 iam
955 4204 1152 4268 Hermogenem
1172 4205 1290 4252 animum
1310 4205 1455 4254 advertisse
1468 4221 1548 4270 supra

358 4289 480 4338 diximus.
500 4289 615 4355 legimns
628 4294 718 4339 autem
736 4291 906 4339 inunctionis
924 4288 998 4339 illius
1017 4293 1060 4352 §2
1080 4287 1128 4357 ἐγὼ
1141 4290 1172 4352 δ’,
1192 4287 1211 4339 εἰ
1231 4288 1274 4356 μέν
1292 4307 1326 4348 τις
1346 4292 1394 4340 τῶν
1407 4288 1547 4358 εἰθισμένων

358 4373 381 4424 ἐν
406 4373 461 4444 ύμῖν
484 4373 607 4443 ἀγορεύειν
630 4373 703 4434 ἀξίως
725 4369 754 4440 ἦν
777 4378 817 4440 τῆς
836 4375 931 4434 πόλεως
951 4373 1060 4442 εἰρηκώς,
1085 4374 1178 4439 πολλήν
1197 4374 1225 4426 ἀν
1242 4375 1347 4445 ἡσυχίαν
1365 4370 1435 4445 ἦγον·
1464 4379 1504 4428 νῦν
1524 4377 1547 4428 δ’

357 4459 421 4528 ὁρῶν
440 4501 466 4513 ..
486 4459 586 4527 ἀνέστην
605 4459 807 4530 ἀποφανούμενος,
827 4459 842 4510 όί
859 4460 990 4530 γιγνώσκω
1009 4461 1062 4529 περὶ
1081 4462 1172 4512 τούτων
1192 4501 1198 4512 .
1217 4500 1224 4514 .

455 4549 479 4615 d)
499 4547 537 4598 καὶ
565 4546 634 4607 αὐτὸς
663 4545 718 4609 ΑΥ,
744 4543 814 4606 αύτδς
838 4548 856 4598 Σ
879 4549 965 4614 vulg.;
993 4550 1043 4599 hoc
1067 4549 1199 4614 Bekkem,
1226 4551 1372 4615 Dindorfio,
1398 4552 1545 4616 Voemelio‚
1620 4557 1623 4564 '

357 4637 570 4699 Wostermanno‚
592 4636 661 4685 illud
679 4636 855 4699 Rehdantzio‚
877 4636 985 4699 Weilio,
1009 4637 1110 4686 Blassio
1135 4636 1238 4702 placuit
1256 4634 1341 4695 καύτὸς
1360 4639 1546 4700 scribentibus,

355 4738 379 4773 v.
394 4723 479 4774 Cobet
497 4726 572 4773 Misc.
585 4726 642 4774 erit.
661 4742 686 4789 p.
699 4726 758 4773 456.

456 4812 477 4877 θ)
497 4807 554 4878 unp
574 4808 659 4872 ΣΑΥ,
677 4808 731 4878 περὶ
749 4811 832 4876 νοτὶς,
851 4813 883 4861 cf.
897 4828 922 4861 n.
937 4813 960 4863 b.
