3530 5536
717 439 929 494 -55-

229 624 303 698 μεθα
316 629 370 684 τῶν
387 623 492 703 ἐχθρῶν
504 627 521 698 ἢ
534 625 687 695 πεισθέντες
700 622 797 683 διαλυ-
850 624 930 682 λῦσαι
943 623 1134 698 δυνηθείημεν
1149 622 1215 681 ἀλλ’
1225 620 1286 704 δςὸ)
1297 626 1329 681 ἂν
1343 620 1421 706 δείξῃ

229 729 342 803 σώμεθοι
353 727 541 802 τδνπίλεμον.
564 729 632 787 abac)
644 727 697 808 γὰρ
710 729 797 787 οὐκέτι
849 727 889 799 τίς
908 728 1064 806 πορισθεῖσα
1084 727 1243 806 παρασκευὴ
1264 724 1319 789 καί
1333 727 1419 812 πόση

226 836 274 892 τοῦ
289 832 386 891 λοιποῦ
401 833 554 910 πάσχοιμεν
566 830 586 914 ¹)
603 835 635 891 άν
651 837 753 903 κακῶς.
849 828 904 894 καί
919 831 1026 894 πόθεν
1046 833 1180 907 διαμεῖναι
1198 832 1349 910 δυνήσεται,
1366 834 1419 904 ἕως

822 937 824 1018 l
850 939 882 993 άν
897 939 915 1010 ἦ
932 932 1125 1011 διαλυσώμεθα
1141 937 1295 1007 πεισθέντες
1306 937 1351 996 τδν
1365 938 1418 995 πό-

848 1039 936 1112 λεμον
959 1043 977 1113 ἢ
999 1035 1207 1120 περιγενώμεθα
1226 1045 1278 1099 τῶν
1303 1039 1418 1120 ἐχθρῶν.

849 1143 917 1201 obre)
932 1143 986 1222 γὰρ
1003 1145 1092 1203 οθκέτι
1103 1148 1149 1203 τοῦ
1160 1145 1256 1204 λοιποῦ
1267 1147 1419 1221 πάσχοιμεν

849 1251 998 1318 ortator.

332 1355 480 1413 Orationis
491 1357 568 1413 IIII.
581 1357 672 1416 verba
688 1356 718 1412 in
730 1355 880 1431 prooemio
894 1355 1064 1413 circumcisa
1076 1357 1241 1415 redduntur·
1252 1356 1304 1427 ita,
1320 1361 1355 1413 ut
1366 1356 1420 1412 ali·

225 1465 371 1536 quantum
386 1461 539 1534 gravitatis
551 1466 581 1518 et
597 1461 787 1536 proprietatis
799 1459 926 1517 orationi
939 1461 1104 1517 detractum
1116 1460 1164 1517 sit.
1189 1461 1294 1537 quodsi
1307 1453 1419 1536 διδάξω,

226 1559 336 1635 δεηθείς
356 1558 430 1636 ὑμῶν
451 1563 490 1637 μὴ
515 1562 659 1640 θορυβῆσαι
682 1561 747 1637 μηδ’
760 1560 911 1636 ἀναβαλεῖν
930 1560 1038 1634 νομίσαι
1059 1581 1094 1635 με
1113 1560 1159 1620 Ιιαί
1179 1563 1277 1640 χρόνον
1300 1561 1421 1636 ἐμποιεῖν

225 1689 376 1745 comparas
391 1689 458 1726 eum
473 1669 571 1728 verbis
588 1668 728 1726 orationis
744 1668 833 1739 illius,
850 1668 923 1726 haec
939 1688 997 1725 non
1014 1670 1099 1726 modo
1116 1668 1253 1726 mutilata
1269 1669 1419 1740 videntur,

225 1774 276 1830 sed
301 1777 422 1848 propter
443 1773 552 1830 mirum
573 1777 602 1831 et
624 1772 793 1830 inauditum
813 1791 904 1846 genus
926 1772 1067 1847 loquendi
1088 1777 1223 1848 suspecta
1242 1776 1320 1830 sunt.
1351 1792 1421 1829 nam

225 1874 377 1949 ἀναβαλεῖν
397 1897 451 1952 per
471 1897 500 1934 se
520 1877 649 1953 positum
668 1876 758 1934 nihili
778 1881 831 1934 est.
863 1876 1049 1936 desideratur
1068 1881 1168 1934 autem
1188 1877 1251 1934 eius
1266 1877 1312 1934 rei
1327 1877 1419 1947 notio,

224 2001 302 2059 quae
318 1982 348 2039 in
364 1983 483 2056 longum
499 1983 618 2038 extrahi
634 1981 753 2052 dicitur,
770 1986 821 2038 aut
836 1981 1074 2038 commemoratio
1087 1981 1151 2039 eius
1166 2000 1316 2057 personae,
1333 2001 1419 2060 quae,

225 2087 382 2163 quominus
401 2088 547 2160 agendum
567 2086 681 2163 aliquid
701 2091 777 2160 agat,
799 2085 971 2162 impeditur,
993 2087 1030 2143 cf.
1051 2082 1223 2158 ἀναβάλλειν
1244 2104 1279 2157 με
1298 2084 1333 2142 τὰ
1346 2085 1420 2164 πρά-

224 2189 311 2264 γμαθ
320 2187 439 2266 ἡγείσθω
461 2210 501 2248 or.
518 2193 586 2246 HH
605 2192 625 2247 l.
642 2209 677 2261 ιι,
699 2189 771 2247 ibid.
793 2187 808 2266 β
826 2195 865 2247 38
888 2188 983 2246 ἅπαντ’
992 2187 1249 2262 ἀναβαλλομένους,
1272 2185 1337 2268 άνῇ
1359 2188 1419 2247 δυσ-

224 2297 307 2372 χερῆ,
327 2294 434 2350 πάντων
455 2293 572 2371 ὑστερεῖν
588 2291 641 2350 τῶν
662 2293 764 2371 ippum
787 2315 827 2352 or.
847 2299 874 2365 8,
894 2313 919 2352 ον
935 2291 1124 2365 ἀναβάλλουσι
1140 2291 1190 2368 μέν
1206 2293 1285 2370 ὑμᾶς,
1301 2292 1419 2370 ἡσυχίαν

225 2395 257 2454 δὲ
278 2400 395 2455 ποιοῦσιν
416 2395 512 2476 ἐκείνῳ
533 2398 657 2474 πράττειν
678 2397 731 2455 ὅτι
752 2395 890 2469 βούλεται,
912 2419 954 2456 or.
973 2405 1000 2470 θ,
1023 2419 1047 2456 14
1067 2389 1107 2468 οἷς
1122 2394 1323 2469 ἀναβάλλουσιν
1340 2397 1419 2470 ὑμᾶς.

226 2505 259 2560 in
275 2503 465 2580 sequentibus
481 2510 580 2561 autom
595 2500 636 2570 τίς
652 2502 808 2578 πορισθεῖσα
819 2501 978 2580 παρασκευὴ
990 2499 1037 2559 καὶ
1047 2504 1118 2574 πίση
1130 2498 1177 2559 καὶ
1188 2501 1271 2559 πάθεν
1284 2500 1420 2575 διαμεῖναι

228 2605 371 2680 δυνήσεται
386 2609 417 2665 in
433 2627 475 2665 or.
492 2610 569 2665 ΠΙΙ.
590 2628 656 2665 oum
672 2608 748 2665 mira
767 2610 893 2685 quadam
913 2608 1104 2683 proprietatis
1123 2607 1220 2684 speeie
1241 2607 1321 2665 dicta
1335 2628 1419 2684 repe-

226 2718 331 2771 tuntur
346 2714 378 2770 in
393 2713 542 2789 prooemio
558 2713 658 2772 nervis
674 2712 814 2771 orationis
830 2712 919 2769 elisis.

291 2838 338 2894 pr.
354 2822 403 2888 23,
420 2837 433 2875 a
449 2813 505 2893 ἐγὼ
522 2813 571 2889 μέν
584 2812 629 2873 οὖν
643 2813 798 2889 ἐβουλόμην
823 2810 826 2897 l
916 2835 958 2873 or.
970 2819 1039 2874 IIII
1053 2819 1090 2873 51
1110 2813 1167 2890 ἐγὼ
1183 2814 1232 2888 μὲν
1244 2811 1290 2873 οὖν
1303 2859 1310 2873 .
1323 2861 1329 2874 .
1344 2813 1419 2889 ἐβου-

227 2915 271 2999 άν,
295 2920 386 2997 ὥσπερ
407 2921 446 2979 ὅτι
466 2919 526 2993 ὑμῖν
546 2919 673 2999 συμφέρει
693 2923 750 2981 τοῦ
764 2918 798 2976 τὰ
850 2918 941 2993 λίμην
954 2910 1032 2997 δ’άν,
1045 2920 1135 2998 ὥσπερ
1144 2919 1183 2977 ὅτι
1191 2920 1251 2993 ὑμῖν
1261 2918 1419 3002 συμρέρειθ)

227 3022 356 3099 βέλτιστα
371 3019 516 3105 λέγοντος
534 3018 641 3082 ἀκούειν
657 3015 728 3103 οἶδα,
749 3023 798 3082 ob·
850 3023 912 3099 τὰῦ)
935 3022 1052 3097 βέλτιστ’
1062 3022 1168 3083 άκοθειν
1185 3016 1256 3098 οἶδα,
1278 3023 1361 3094 οθτιυς
1377 3021 1418 3082 εῖ-

228 3149 282 3199 τως
298 3125 398 3186 εἰδέναι
415 3130 533 3187 συνοῖσον
540 3128 564 3204 2)
577 3125 623 3186 καὶ
634 3125 673 3204 τῷ
685 3126 719 3185 τὰ
731 3127 798 3202 βέλ-
852 3129 926 3187 δέναι
943 3131 1061 3188 συνοῖσον
1081 3127 1127 3188 καὶ
1142 3127 1181 3206 τῷ
1196 3128 1229 3186 τὰ
1245 3126 1364 3201 βέλτιστ’
1377 3127 1419 3188 εἰ-

226 3233 291 3292 τιστ’
301 3229 447 3315 εἰπάντι·3)
461 3230 560 3309 πολλῷ
577 3232 631 3312 γὰρ
643 3235 676 3290 dv
687 3230 762 3306 ἥδιον
770 3227 796 3315 ⁴)
850 3232 937 3292 πάντι·
962 3230 1063 3310 πολλῷ
1085 3233 1138 3312 γὰρ
1162 3236 1195 3291 άν
1217 3231 1293 3306 ἥδιον
1317 3227 1419 3313 siper)
1489 3262 1498 3276 ·

333 3403 351 3471 ¹)
366 3406 545 3456 Consentiunt
556 3404 619 3454 libri
631 3405 660 3454 in
670 3406 802 3469 scriptura
812 3404 921 3471 σχοῖμεν,
935 3420 1005 3470 quae
1018 3405 1044 3454 h.
1054 3405 1073 3454 l.
1084 3404 1216 3470 displicet.
1235 3404 1306 3454 haud
1320 3406 1374 3454 seio
1384 3419 1420 3454 au

228 3495 263 3542 sit
280 3493 464 3558 recipiendum
483 3493 519 3555 id,
538 3492 609 3557 quod
628 3507 719 3556 margo
740 3492 780 3540 ed.
794 3492 956 3541 Lutatianae
974 3492 1085 3557 praebet
1104 3492 1255 3554 ePauliua,
1274 3488 1418 3559 πάσχοιμεν.

229 3595 299 3645 quae
317 3580 398 3629 lectio
418 3595 504 3645 nuper
523 3578 709 3628 commendata
727 3594 743 3628 a
762 3579 863 3628 Cobeto
883 3579 993 3639 (Mnem.
1007 3595 1032 3632 n.
1046 3595 1066 3628 s.
1079 3579 1131 3628 VII
1149 3577 1194 3642 39)
1213 3581 1266 3628 iam
1285 3579 1315 3627 iu
1333 3577 1418 3628 altero

228 3668 423 3731 prooemiorum
438 3665 561 3731 exemplo
570 3667 599 3714 in
609 3665 667 3714 cod.
676 3666 757 3715 Vind.
768 3668 784 3714 4
795 3665 865 3730 (CV)
875 3665 981 3730 legitur.
996 3671 1115 3716 ceterum
1129 3666 1161 3714 cf.
1172 3665 1261 3714 locum
1272 3666 1418 3730 geminum.

332 3751 351 3818 ²)
371 3747 397 3802 τὸ
416 3753 553 3816 articulus,
571 3754 618 3818 qui
634 3757 697 3802 anta
711 3753 822 3801 συνοῖσον
835 3752 983 3818 legebatur,
1002 3757 1074 3802 reete
1087 3769 1104 3801 a
1116 3752 1241 3802 Bekkero
1256 3753 1358 3801 eiectus
1371 3756 1418 3800 est.

333 3841 353 3905 3)
373 3837 461 3889 εἰπόντι
478 3857 517 3908 γρ.
531 3837 562 3904 Σ;
582 3836 661 3908 έχοντι
680 3839 770 3904 vulgo,
789 3838 860 3905 quod
878 3841 907 3888 iu
925 3837 1020 3906 λέγοντι
1038 3840 1153 3888 mutanti
1165 3839 1274 3888 Reiskio
1294 3837 1420 3888 Sohaofer

228 3927 377 3977 adsentitur
394 3929 485 3977 nescio
504 3943 583 3992 quam
603 3928 731 3976 orationis
750 3927 960 3976 concinnitatem
979 3926 1032 3990 (τοῦ
1051 3963 1076 3975 ..
1094 3923 1207 3992 λέγοντος
1221 3964 1226 3974 .
1241 3963 1246 3974 .
1260 3926 1295 3990 τῷ
1314 3921 1418 3990 λέγοντι)

228 4014 388 4065 desiderans.

332 4102 353 4166 ⁴)
372 4102 414 4151 Ex
431 4101 505 4151 facili
523 4101 686 4164 Felieiani†
704 4102 869 4150 correctione
888 4117 934 4166 pro
954 4115 994 4162 eo,
1013 4100 1085 4164 quod
1103 4101 1189 4148 estin
1208 4099 1282 4148 libris
1299 4096 1387 4148 πλεῖον,

329 4189 351 4253 ⁵)
371 4186 425 4246 ιῖυςι
443 4187 492 4254 (sio
511 4204 572 4238 cum
592 4186 680 4253 obelo)
700 4185 727 4237 Σ.

330 4273 352 4340 b)
372 4273 494 4342 συμφέρον
514 4277 610 4324 omisso
629 4269 665 4323 brt
681 4271 705 4336 Υ,
724 4274 796 4339 quod
815 4270 853 4322 ‘ut
870 4273 967 4322 melius
985 4271 1147 4337 respondens
1160 4273 1284 4336 sequenti
1298 4267 1419 4320 συνοῖσον

228 4363 344 4427 praefert
362 4362 495 4424 Sohaefer,
514 4365 557 4412 eui
576 4361 653 4412 Blass
670 4361 827 4412 adsentitur.

329 4448 351 4514 c)
371 4443 397 4498 τὸ
416 4447 445 4498 τὰ
463 4448 536 4514 vulg.

327 4535 349 4600 (¹)
369 4537 428 4586 Hoo
451 4552 580 4602 reponere
609 4537 693 4586 tutius
715 4550 773 4585 esse
796 4536 860 4585 duxi
883 4533 902 4582 Σ
926 4534 1024 4584 codicis
1047 4535 1179 4598 scriptura
1203 4524 1269 4600 εῖχον
1292 4536 1415 4597 respecta

229 4626 256 4673 in
275 4626 382 4689 gemino
401 4641 438 4689 pr.
453 4625 485 4672 23
505 4624 564 4673 loco
583 4624 685 4688 aliquid
703 4622 798 4672 auxilii
817 4637 875 4672 esse
888 4623 1039 4672 arbitratus.
1060 4622 1222 4671 recentiores
1236 4633 1329 4668 omnes
1348 4610 1413 4686 εῖχον

230 4711 371 4760 ediderunt
389 4715 494 4775 praeter
506 4709 675 4759 Dindorfium
689 4715 716 4759 et
728 4710 865 4771 Weilium‚
884 4724 900 4758 a
919 4708 1014 4772 quibus
1027 4707 1165 4772 vulgatam
1184 4705 1329 4756 lectionem
1343 4695 1416 4767 εἷπον,
