<?xml version="1.0" encoding="UTF-8"?>
<!DOCTYPE html PUBLIC "-//W3C//DTD XHTML 1.0 Transitional//EN"
    "http://www.w3.org/TR/xhtml1/DTD/xhtml1-transitional.dtd">
<html xmlns="http://www.w3.org/1999/xhtml" xml:lang="en" lang="en">
 <head>
  <title>
</title>
<meta http-equiv="Content-Type" content="text/html;charset=utf-8" />
  <meta name='ocr-system' content='tesseract 3.04.00' />
  <meta name='ocr-capabilities' content='ocr_page ocr_carea ocr_par ocr_line ocrx_word'/>
</head>
<body>
  <div class='ocr_page' id='page_1' title='image "./dedemosthenisqu00swobgoog_0046.png"; bbox 0 0 3530 5536; ppageno 0'>
   <div class='ocr_carea' id='block_1_1' title="bbox 688 515 903 570">
    <p class='ocr_par' dir='ltr' id='par_1_1' title="bbox 688 515 903 570">
     <span class='ocr_line' id='line_1_1' title="bbox 688 515 903 570; baseline -0.009 -16"><span class='ocrx_word' id='word_1_1' title='bbox 688 515 903 570; x_wconf 64' lang='lat'><strong>„31-</strong></span> 
     </span>
    </p>
   </div>
   <div class='ocr_carea' id='block_1_2' title="bbox 191 702 1436 3813">
    <p class='ocr_par' dir='ltr' id='par_1_2' title="bbox 192 702 1390 888">
     <span class='ocr_line' id='line_1_2' title="bbox 303 702 1390 779; baseline -0.003 -16"><span class='ocrx_word' id='word_1_2' title='bbox 303 704 563 764; x_wconf 89' lang='lat' dir='ltr'><strong>Demosthenicam</strong></span> <span class='ocrx_word' id='word_1_3' title='bbox 583 703 676 779; x_wconf 86' lang='lat' dir='ltr'><strong>igitur</strong></span> <span class='ocrx_word' id='word_1_4' title='bbox 697 704 797 762; x_wconf 89' lang='lat' dir='ltr'><strong>hiatus</strong></span> <span class='ocrx_word' id='word_1_5' title='bbox 816 704 917 778; x_wconf 85' lang='lat' dir='ltr'><strong>fugam</strong></span> <span class='ocrx_word' id='word_1_6' title='bbox 936 703 1061 779; x_wconf 87' lang='lat' dir='ltr'><strong>reperiri</strong></span> <span class='ocrx_word' id='word_1_7' title='bbox 1080 709 1180 762; x_wconf 90' lang='lat' dir='ltr'><strong>censet</strong></span> <span class='ocrx_word' id='word_1_8' title='bbox 1199 703 1339 761; x_wconf 88' lang='lat' dir='ltr'><strong>Benseler</strong></span> <span class='ocrx_word' id='word_1_9' title='bbox 1358 702 1390 760; x_wconf 90' lang='lat' dir='ltr'><strong>in</strong></span> 
     </span>
     <span class='ocr_line' id='line_1_3' title="bbox 192 801 1268 888; baseline -0.001 -21"><span class='ocrx_word' id='word_1_10' title='bbox 192 809 358 884; x_wconf 81' lang='lat' dir='ltr'><strong>prooemiis</strong></span> <span class='ocrx_word' id='word_1_11' title='bbox 374 829 467 886; x_wconf 91' lang='lat' dir='ltr'><strong>eaque</strong></span> <span class='ocrx_word' id='word_1_12' title='bbox 479 809 543 885; x_wconf 91' lang='lat' dir='ltr'><strong>ipsa</strong></span> <span class='ocrx_word' id='word_1_13' title='bbox 558 810 595 867; x_wconf 90' lang='lat' dir='ltr'><strong>de</strong></span> <span class='ocrx_word' id='word_1_14' title='bbox 611 827 697 866; x_wconf 89' lang='lat' dir='ltr'><strong>causa</strong></span> <span class='ocrx_word' id='word_1_15' title='bbox 712 808 819 866; x_wconf 88' lang='lat' dir='ltr'><strong>tribuit</strong></span> <span class='ocrx_word' id='word_1_16' title='bbox 834 808 885 866; x_wconf 92' lang='lat' dir='ltr'><strong>illa</strong></span> <span class='ocrx_word' id='word_1_17' title='bbox 900 808 1095 866; x_wconf 79' lang='lat' dir='ltr'><strong>Demostheni</strong></span> <span class='ocrx_word' id='word_1_18' title='bbox 1110 808 1232 866; x_wconf 90' lang='lat' dir='ltr'><strong>auctori.</strong></span> <span class='ocrx_word' id='word_1_19' title='bbox 1246 801 1268 888; x_wconf 90' lang='lat'><strong>¹)</strong></span> 
     </span>
    </p>

    <p class='ocr_par' dir='ltr' id='par_1_3' title="bbox 191 911 1390 2454">
     <span class='ocr_line' id='line_1_4' title="bbox 302 911 1390 990; baseline -0.004 -18"><span class='ocrx_word' id='word_1_20' title='bbox 302 913 432 972; x_wconf 89' lang='lat' dir='ltr'><strong>Proinde</strong></span> <span class='ocrx_word' id='word_1_21' title='bbox 453 913 606 974; x_wconf 88' lang='lat' dir='ltr'><strong>videamus</strong></span> <span class='ocrx_word' id='word_1_22' title='bbox 627 915 663 971; x_wconf 93' lang='lat' dir='ltr'><strong>de</strong></span> <span class='ocrx_word' id='word_1_23' title='bbox 684 913 816 971; x_wconf 82' lang='lat' dir='ltr'><strong>exordiis</strong></span> <span class='ocrx_word' id='word_1_24' title='bbox 835 914 964 970; x_wconf 88' lang='lat' dir='ltr'><strong>XVIIII</strong></span> <span class='ocrx_word' id='word_1_25' title='bbox 984 932 1059 990; x_wconf 91' lang='lat' dir='ltr'><strong>quae</strong></span> <span class='ocrx_word' id='word_1_26' title='bbox 1075 913 1177 971; x_wconf 92' lang='lat' dir='ltr'><strong>ordine</strong></span> <span class='ocrx_word' id='word_1_27' title='bbox 1193 917 1261 970; x_wconf 89' lang='lat' dir='ltr'><strong>sunt</strong></span> <span class='ocrx_word' id='word_1_28' title='bbox 1275 911 1390 989; x_wconf 83' lang='lat' dir='ltr'><strong>primae</strong></span> 
     </span>
     <span class='ocr_line' id='line_1_5' title="bbox 192 1017 1389 1096; baseline 0.002 -22"><span class='ocrx_word' id='word_1_29' title='bbox 192 1018 374 1076; x_wconf 87' lang='lat' dir='ltr'><strong>orationum.</strong></span> <span class='ocrx_word' id='word_1_30' title='bbox 390 1019 422 1076; x_wconf 93' lang='lat' dir='ltr'><strong>in</strong></span> <span class='ocrx_word' id='word_1_31' title='bbox 438 1018 553 1096; x_wconf 88' lang='lat' dir='ltr'><strong>quibus,</strong></span> <span class='ocrx_word' id='word_1_32' title='bbox 575 1018 599 1075; x_wconf 91' lang='lat' dir='ltr'><strong>si</strong></span> <span class='ocrx_word' id='word_1_33' title='bbox 615 1017 779 1094; x_wconf 88' lang='lat' dir='ltr'><strong>Hegesippi</strong></span> <span class='ocrx_word' id='word_1_34' title='bbox 796 1018 832 1074; x_wconf 90' lang='lat' dir='ltr'><strong>de</strong></span> <span class='ocrx_word' id='word_1_35' title='bbox 848 1019 1016 1075; x_wconf 90' lang='lat' dir='ltr'><strong>Halonneso</strong></span> <span class='ocrx_word' id='word_1_36' title='bbox 1033 1018 1204 1089; x_wconf 90' lang='lat' dir='ltr'><strong>orationem,</strong></span> <span class='ocrx_word' id='word_1_37' title='bbox 1225 1037 1313 1095; x_wconf 90' lang='lat' dir='ltr'><strong>quam</strong></span> <span class='ocrx_word' id='word_1_38' title='bbox 1329 1037 1389 1076; x_wconf 89' lang='lat' dir='ltr'><strong>sca-</strong></span> 
     </span>
     <span class='ocr_line' id='line_1_6' title="bbox 191 1121 1389 1199; baseline 0.001 -20"><span class='ocrx_word' id='word_1_39' title='bbox 191 1125 262 1180; x_wconf 88' lang='lat' dir='ltr'><strong>tere</strong></span> <span class='ocrx_word' id='word_1_40' title='bbox 276 1121 458 1180; x_wconf 81' lang='lat' dir='ltr'><strong>foedissimis</strong></span> <span class='ocrx_word' id='word_1_41' title='bbox 473 1122 606 1180; x_wconf 78' lang='lat' dir='ltr'><strong>hiatibus</strong></span> <span class='ocrx_word' id='word_1_42' title='bbox 622 1141 708 1180; x_wconf 90' lang='lat' dir='ltr'><strong>nemo</strong></span> <span class='ocrx_word' id='word_1_43' title='bbox 723 1121 826 1192; x_wconf 88' lang='lat' dir='ltr'><strong>nescit,</strong></span> <span class='ocrx_word' id='word_1_44' title='bbox 844 1121 967 1198; x_wconf 79' lang='lat' dir='ltr'><strong>excipis,</strong></span> <span class='ocrx_word' id='word_1_45' title='bbox 989 1123 1062 1180; x_wconf 90' lang='lat' dir='ltr'><strong>duos</strong></span> <span class='ocrx_word' id='word_1_46' title='bbox 1078 1123 1275 1199; x_wconf 86' lang='lat' dir='ltr'><strong>deprehendis</strong></span> <span class='ocrx_word' id='word_1_47' title='bbox 1290 1122 1389 1181; x_wconf 89' lang='lat' dir='ltr'><strong>hiatus</strong></span> 
     </span>
     <span class='ocr_line' id='line_1_7' title="bbox 192 1227 1389 1304; baseline 0 -20"><span class='ocrx_word' id='word_1_48' title='bbox 192 1227 354 1298; x_wconf 80' lang='lat' dir='ltr'><strong>foediores,</strong></span> <span class='ocrx_word' id='word_1_49' title='bbox 371 1247 463 1285; x_wconf 92' lang='lat' dir='ltr'><strong>unum</strong></span> <span class='ocrx_word' id='word_1_50' title='bbox 478 1227 510 1284; x_wconf 92' lang='lat' dir='ltr'><strong>in</strong></span> <span class='ocrx_word' id='word_1_51' title='bbox 526 1227 658 1285; x_wconf 89' lang='lat' dir='ltr'><strong>oratione</strong></span> <span class='ocrx_word' id='word_1_52' title='bbox 675 1229 711 1285; x_wconf 89' lang='lat' dir='ltr'><strong>de</strong></span> <span class='ocrx_word' id='word_1_53' title='bbox 726 1229 847 1285; x_wconf 84' lang='lat' dir='ltr'><strong>foedere</strong></span> <span class='ocrx_word' id='word_1_54' title='bbox 861 1228 1061 1298; x_wconf 81' lang='lat' dir='ltr'><strong>Alexandrea,</strong></span> <span class='ocrx_word' id='word_1_55' title='bbox 1079 1247 1168 1304; x_wconf 88' lang='lat' dir='ltr'><strong>quam</strong></span> <span class='ocrx_word' id='word_1_56' title='bbox 1183 1227 1389 1286; x_wconf 79' lang='lat' dir='ltr'><strong>Demosthenis</strong></span> 
     </span>
     <span class='ocr_line' id='line_1_8' title="bbox 193 1327 1388 1408; baseline 0.002 -20"><span class='ocrx_word' id='word_1_57' title='bbox 193 1351 261 1389; x_wconf 89' lang='lat' dir='ltr'><strong>esse</strong></span> <span class='ocrx_word' id='word_1_58' title='bbox 279 1336 361 1391; x_wconf 87' lang='lat' dir='ltr'><strong>recte</strong></span> <span class='ocrx_word' id='word_1_59' title='bbox 380 1351 458 1390; x_wconf 89' lang='lat' dir='ltr'><strong>nunc</strong></span> <span class='ocrx_word' id='word_1_60' title='bbox 477 1336 611 1406; x_wconf 88' lang='lat' dir='ltr'><strong>negatur,</strong></span> <span class='ocrx_word' id='word_1_61' title='bbox 632 1329 682 1408; x_wconf 78' lang='lat'><strong>§2</strong></span> <span class='ocrx_word' id='word_1_62' title='bbox 704 1328 877 1403; x_wconf 64' lang='lat' dir='ltr'><strong>&amp;tractasset</strong></span> <span class='ocrx_word' id='word_1_63' title='bbox 891 1327 1037 1408; x_wconf 78' lang='grc' dir='ltr'>ἀνέχησθε,</span> <span class='ocrx_word' id='word_1_64' title='bbox 1058 1333 1185 1389; x_wconf 89' lang='lat' dir='ltr'><strong>alterum</strong></span> <span class='ocrx_word' id='word_1_65' title='bbox 1201 1332 1233 1389; x_wconf 92' lang='lat' dir='ltr'><strong>in</strong></span> <span class='ocrx_word' id='word_1_66' title='bbox 1249 1332 1388 1390; x_wconf 91' lang='lat' dir='ltr'><strong>orationis</strong></span> 
     </span>
     <span class='ocr_line' id='line_1_9' title="bbox 194 1433 1388 1514; baseline 0.002 -21"><span class='ocrx_word' id='word_1_67' title='bbox 194 1436 236 1494; x_wconf 90' lang='lat' dir='ltr'><strong>de</strong></span> <span class='ocrx_word' id='word_1_68' title='bbox 247 1436 433 1494; x_wconf 89' lang='lat' dir='ltr'><strong>Rhodiorum</strong></span> <span class='ocrx_word' id='word_1_69' title='bbox 447 1436 585 1495; x_wconf 88' lang='lat' dir='ltr'><strong>libertate</strong></span> <span class='ocrx_word' id='word_1_70' title='bbox 601 1435 723 1494; x_wconf 88' lang='lat' dir='ltr'><strong>exordio</strong></span> <span class='ocrx_word' id='word_1_71' title='bbox 739 1434 754 1512; x_wconf 65' lang='grc' dir='ltr'>ἓ</span> <span class='ocrx_word' id='word_1_72' title='bbox 773 1442 788 1494; x_wconf 93' lang='lat'>1</span> <span class='ocrx_word' id='word_1_73' title='bbox 802 1437 848 1494; x_wconf 80' lang='grc' dir='ltr'><strong>τοῦ</strong></span> <span class='ocrx_word' id='word_1_74' title='bbox 862 1434 1017 1513; x_wconf 79' lang='grc' dir='ltr'>πραχθῆναι</span> <span class='ocrx_word' id='word_1_75' title='bbox 1033 1433 1141 1514; x_wconf 73' lang='grc' dir='ltr'>ἀπέχει,</span> <span class='ocrx_word' id='word_1_76' title='bbox 1158 1457 1232 1514; x_wconf 92' lang='lat' dir='ltr'><strong>quae</strong></span> <span class='ocrx_word' id='word_1_77' title='bbox 1248 1439 1388 1497; x_wconf 84' lang='lat' dir='ltr'><strong>vocabula</strong></span> 
     </span>
     <span class='ocr_line' id='line_1_10' title="bbox 195 1535 1388 1620; baseline 0.002 -22"><span class='ocrx_word' id='word_1_78' title='bbox 195 1542 235 1598; x_wconf 88' lang='lat' dir='ltr'><strong>ad</strong></span> <span class='ocrx_word' id='word_1_79' title='bbox 250 1541 366 1599; x_wconf 88' lang='lat' dir='ltr'><strong>hiatum</strong></span> <span class='ocrx_word' id='word_1_80' title='bbox 376 1541 533 1600; x_wconf 88' lang='lat' dir='ltr'><strong>vitandum</strong></span> <span class='ocrx_word' id='word_1_81' title='bbox 548 1541 590 1598; x_wconf 90' lang='lat' dir='ltr'><strong>sic</strong></span> <span class='ocrx_word' id='word_1_82' title='bbox 604 1540 716 1601; x_wconf 89' lang='lat' dir='ltr'><strong>inverti</strong></span> <span class='ocrx_word' id='word_1_83' title='bbox 728 1541 812 1598; x_wconf 91' lang='lat' dir='ltr'><strong>iubet</strong></span> <span class='ocrx_word' id='word_1_84' title='bbox 823 1535 1010 1620; x_wconf 84' lang='lat' dir='ltr'><strong>Benseler²):</strong></span> <span class='ocrx_word' id='word_1_85' title='bbox 1028 1537 1126 1616; x_wconf 81' lang='grc' dir='ltr'>ἀπέχει</span> <span class='ocrx_word' id='word_1_86' title='bbox 1141 1542 1187 1599; x_wconf 82' lang='grc' dir='ltr'><strong>τοῦ</strong></span> <span class='ocrx_word' id='word_1_87' title='bbox 1204 1559 1248 1619; x_wconf 79' lang='grc' dir='ltr'><strong>πρ.</strong></span> <span class='ocrx_word' id='word_1_88' title='bbox 1262 1543 1312 1601; x_wconf 94' lang='lat' dir='ltr'><strong>sed</strong></span> <span class='ocrx_word' id='word_1_89' title='bbox 1326 1543 1388 1600; x_wconf 90' lang='lat' dir='ltr'><strong>edi·</strong></span> 
     </span>
     <span class='ocr_line' id='line_1_11' title="bbox 196 1645 1388 1723; baseline -0.001 -20"><span class='ocrx_word' id='word_1_90' title='bbox 196 1650 275 1704; x_wconf 87' lang='lat' dir='ltr'><strong>tores</strong></span> <span class='ocrx_word' id='word_1_91' title='bbox 283 1645 429 1722; x_wconf 91' lang='lat' dir='ltr'><strong>prooemii</strong></span> <span class='ocrx_word' id='word_1_92' title='bbox 438 1647 571 1705; x_wconf 89' lang='lat' dir='ltr'><strong>XXVII.</strong></span> <span class='ocrx_word' id='word_1_93' title='bbox 580 1647 685 1717; x_wconf 88' lang='lat' dir='ltr'><strong>locum,</strong></span> <span class='ocrx_word' id='word_1_94' title='bbox 695 1665 784 1723; x_wconf 91' lang='lat' dir='ltr'><strong>quem</strong></span> <span class='ocrx_word' id='word_1_95' title='bbox 791 1648 877 1704; x_wconf 92' lang='lat' dir='ltr'><strong>modo</strong></span> <span class='ocrx_word' id='word_1_96' title='bbox 886 1646 1186 1718; x_wconf 83' lang='lat' dir='ltr'><strong>commemoravimus,</strong></span> <span class='ocrx_word' id='word_1_97' title='bbox 1196 1647 1388 1723; x_wconf 76' lang='lat' dir='ltr'><strong>respicientes</strong></span> 
     </span>
     <span class='ocr_line' id='line_1_12' title="bbox 196 1751 1389 1825; baseline 0.002 -17"><span class='ocrx_word' id='word_1_98' title='bbox 196 1751 378 1809; x_wconf 84' lang='lat' dir='ltr'><strong>rectetutius</strong></span> <span class='ocrx_word' id='word_1_99' title='bbox 388 1751 523 1811; x_wconf 88' lang='lat' dir='ltr'><strong>arbitrati</strong></span> <span class='ocrx_word' id='word_1_100' title='bbox 533 1751 686 1809; x_wconf 87' lang='lat' dir='ltr'><strong>suntnihil</strong></span> <span class='ocrx_word' id='word_1_101' title='bbox 698 1757 821 1810; x_wconf 87' lang='lat' dir='ltr'><strong>mutare.</strong></span> <span class='ocrx_word' id='word_1_102' title='bbox 835 1771 910 1808; x_wconf 88' lang='lat' dir='ltr'><strong>unus</strong></span> <span class='ocrx_word' id='word_1_103' title='bbox 923 1751 1016 1825; x_wconf 87' lang='lat' dir='ltr'><strong>igitur</strong></span> <span class='ocrx_word' id='word_1_104' title='bbox 1024 1751 1055 1808; x_wconf 93' lang='lat' dir='ltr'><strong>in</strong></span> <span class='ocrx_word' id='word_1_105' title='bbox 1064 1751 1107 1809; x_wconf 89' lang='lat' dir='ltr'><strong>eis</strong></span> <span class='ocrx_word' id='word_1_106' title='bbox 1119 1755 1202 1810; x_wconf 89' lang='lat' dir='ltr'><strong>extat</strong></span> <span class='ocrx_word' id='word_1_107' title='bbox 1212 1753 1292 1810; x_wconf 91' lang='lat' dir='ltr'><strong>locus</strong></span> <span class='ocrx_word' id='word_1_108' title='bbox 1304 1752 1389 1810; x_wconf 89' lang='lat' dir='ltr'><strong>hiatu</strong></span> 
     </span>
     <span class='ocr_line' id='line_1_13' title="bbox 197 1847 1388 1934; baseline 0.001 -22"><span class='ocrx_word' id='word_1_109' title='bbox 197 1855 346 1926; x_wconf 60' lang='lat' dir='ltr'><strong>foedatum</strong></span> <span class='ocrx_word' id='word_1_110' title='bbox 363 1875 431 1913; x_wconf 91' lang='lat' dir='ltr'><strong>nam</strong></span> <span class='ocrx_word' id='word_1_111' title='bbox 447 1857 524 1934; x_wconf 89' lang='lat' dir='ltr'><strong>quod</strong></span> <span class='ocrx_word' id='word_1_112' title='bbox 540 1855 651 1930; x_wconf 87' lang='lat' dir='ltr'><strong>legitur</strong></span> <span class='ocrx_word' id='word_1_113' title='bbox 666 1855 753 1912; x_wconf 88' lang='lat' dir='ltr'><strong>initio</strong></span> <span class='ocrx_word' id='word_1_114' title='bbox 769 1875 810 1912; x_wconf 90' lang='lat' dir='ltr'><strong>cr.</strong></span> <span class='ocrx_word' id='word_1_115' title='bbox 824 1857 924 1913; x_wconf 87' lang='lat' dir='ltr'><strong>XIIII</strong></span> <span class='ocrx_word' id='word_1_116' title='bbox 941 1859 973 1912; x_wconf 82' lang='lat'><strong>2:</strong></span> <span class='ocrx_word' id='word_1_117' title='bbox 990 1874 1034 1931; x_wconf 92' lang='lat' dir='ltr'><strong>pr.</strong></span> <span class='ocrx_word' id='word_1_118' title='bbox 1049 1860 1099 1926; x_wconf 74' lang='lat'><strong>27,</strong></span> <span class='ocrx_word' id='word_1_119' title='bbox 1113 1875 1125 1913; x_wconf 84' lang='lat' dir='ltr'><strong>s</strong></span> <span class='ocrx_word' id='word_1_120' title='bbox 1140 1847 1170 1910; x_wconf 78' lang='grc' dir='ltr'><strong>εὖ</strong></span> <span class='ocrx_word' id='word_1_121' title='bbox 1182 1847 1234 1912; x_wconf 76' lang='grc' dir='ltr'>οἶδ’</span> <span class='ocrx_word' id='word_1_122' title='bbox 1247 1855 1325 1913; x_wconf 90' lang='lat' dir='ltr'><strong>nihil</strong></span> <span class='ocrx_word' id='word_1_123' title='bbox 1336 1857 1388 1914; x_wconf 90' lang='lat' dir='ltr'><strong>ha·</strong></span> 
     </span>
     <span class='ocr_line' id='line_1_14' title="bbox 197 1953 1386 2039; baseline -0.002 -19"><span class='ocrx_word' id='word_1_124' title='bbox 197 1963 265 2020; x_wconf 89' lang='lat' dir='ltr'><strong>bere</strong></span> <span class='ocrx_word' id='word_1_125' title='bbox 282 1961 452 2021; x_wconf 87' lang='lat' dir='ltr'><strong>offensionis</strong></span> <span class='ocrx_word' id='word_1_126' title='bbox 469 1966 500 2019; x_wconf 93' lang='lat' dir='ltr'><strong>et</strong></span> <span class='ocrx_word' id='word_1_127' title='bbox 515 1965 618 2018; x_wconf 91' lang='lat' dir='ltr'><strong>notum</strong></span> <span class='ocrx_word' id='word_1_128' title='bbox 634 1966 677 2020; x_wconf 87' lang='lat' dir='ltr'><strong>est</strong></span> <span class='ocrx_word' id='word_1_129' title='bbox 693 1965 723 2018; x_wconf 90' lang='lat' dir='ltr'><strong>et</strong></span> <span class='ocrx_word' id='word_1_130' title='bbox 734 1961 874 2018; x_wconf 91' lang='lat' dir='ltr'><strong>Benseler</strong></span> <span class='ocrx_word' id='word_1_131' title='bbox 885 1959 994 2018; x_wconf 88' lang='lat' dir='ltr'><strong>docuit.</strong></span> <span class='ocrx_word' id='word_1_132' title='bbox 1004 1953 1029 2039; x_wconf 88' lang='grc'><strong>3)</strong></span> <span class='ocrx_word' id='word_1_133' title='bbox 1045 1962 1386 2036; x_wconf 84' lang='lat' dir='ltr'><strong>praetereaor.VII114</strong></span> 
     </span>
     <span class='ocr_line' id='line_1_15' title="bbox 197 2058 1386 2144; baseline 0 -22"><span class='ocrx_word' id='word_1_134' title='bbox 197 2063 287 2122; x_wconf 80' lang='grc' dir='ltr'>τούτου</span> <span class='ocrx_word' id='word_1_135' title='bbox 304 2063 333 2122; x_wconf 82' lang='grc' dir='ltr'><strong>ἐν</strong></span> <span class='ocrx_word' id='word_1_136' title='bbox 349 2066 484 2125; x_wconf 89' lang='lat' dir='ltr'><strong>excusari</strong></span> <span class='ocrx_word' id='word_1_137' title='bbox 500 2083 584 2141; x_wconf 90' lang='lat' dir='ltr'><strong>posse</strong></span> <span class='ocrx_word' id='word_1_138' title='bbox 600 2067 720 2124; x_wconf 89' lang='lat' dir='ltr'><strong>videtur</strong></span> <span class='ocrx_word' id='word_1_139' title='bbox 735 2065 842 2132; x_wconf 91' lang='lat' dir='ltr'><strong>eidem,</strong></span> <span class='ocrx_word' id='word_1_140' title='bbox 850 2058 876 2144; x_wconf 78' lang='grc'><strong>4)</strong></span> <span class='ocrx_word' id='word_1_141' title='bbox 894 2066 979 2122; x_wconf 91' lang='lat' dir='ltr'><strong>modo</strong></span> <span class='ocrx_word' id='word_1_142' title='bbox 992 2064 1147 2122; x_wconf 84' lang='lat' dir='ltr'><strong>Reishium</strong></span> <span class='ocrx_word' id='word_1_143' title='bbox 1163 2070 1279 2123; x_wconf 89' lang='lat' dir='ltr'><strong>secutus</strong></span> <span class='ocrx_word' id='word_1_144' title='bbox 1294 2065 1386 2122; x_wconf 92' lang='lat' dir='ltr'><strong>inter-</strong></span> 
     </span>
     <span class='ocr_line' id='line_1_16' title="bbox 197 2166 1387 2247; baseline -0.003 -19"><span class='ocrx_word' id='word_1_145' title='bbox 197 2189 306 2246; x_wconf 89' lang='lat' dir='ltr'><strong>pungas</strong></span> <span class='ocrx_word' id='word_1_146' title='bbox 319 2168 420 2247; x_wconf 79' lang='lat' dir='ltr'><strong>ratres,</strong></span> <span class='ocrx_word' id='word_1_147' title='bbox 434 2166 462 2226; x_wconf 78' lang='grc' dir='ltr'><strong>ἐν</strong></span> <span class='ocrx_word' id='word_1_148' title='bbox 474 2174 610 2247; x_wconf 89' lang='lat' dir='ltr'><strong>--atque</strong></span> <span class='ocrx_word' id='word_1_149' title='bbox 622 2171 678 2228; x_wconf 91' lang='lat' dir='ltr'><strong>hoc</strong></span> <span class='ocrx_word' id='word_1_150' title='bbox 690 2170 775 2226; x_wconf 90' lang='lat' dir='ltr'><strong>modo</strong></span> <span class='ocrx_word' id='word_1_151' title='bbox 789 2169 1009 2246; x_wconf 87' lang='lat' dir='ltr'><strong>interpunctum</strong></span> <span class='ocrx_word' id='word_1_152' title='bbox 1021 2173 1065 2226; x_wconf 89' lang='lat' dir='ltr'><strong>est</strong></span> <span class='ocrx_word' id='word_1_153' title='bbox 1077 2189 1094 2226; x_wconf 89' lang='lat' dir='ltr'><strong>a</strong></span> <span class='ocrx_word' id='word_1_154' title='bbox 1105 2169 1257 2227; x_wconf 89' lang='lat' dir='ltr'><strong>Voemelio</strong></span> <span class='ocrx_word' id='word_1_155' title='bbox 1266 2173 1297 2227; x_wconf 87' lang='lat' dir='ltr'><strong>et</strong></span> <span class='ocrx_word' id='word_1_156' title='bbox 1306 2169 1387 2226; x_wconf 89' lang='lat' dir='ltr'><strong>Blas-</strong></span> 
     </span>
     <span class='ocr_line' id='line_1_17' title="bbox 197 2267 1386 2350; baseline -0.002 -19"><span class='ocrx_word' id='word_1_157' title='bbox 197 2274 248 2345; x_wconf 88' lang='lat' dir='ltr'><strong>sio,</strong></span> <span class='ocrx_word' id='word_1_158' title='bbox 272 2293 330 2332; x_wconf 92' lang='lat' dir='ltr'><strong>non</strong></span> <span class='ocrx_word' id='word_1_159' title='bbox 350 2273 523 2333; x_wconf 87' lang='lat' dir='ltr'><strong>distinctum</strong></span> <span class='ocrx_word' id='word_1_160' title='bbox 538 2294 556 2331; x_wconf 88' lang='lat' dir='ltr'><strong>a</strong></span> <span class='ocrx_word' id='word_1_161' title='bbox 570 2273 734 2332; x_wconf 86' lang='lat' dir='ltr'><strong>Dindorfio.</strong></span> <span class='ocrx_word' id='word_1_162' title='bbox 756 2273 879 2332; x_wconf 89' lang='lat' dir='ltr'><strong>tertium</strong></span> <span class='ocrx_word' id='word_1_163' title='bbox 894 2273 1022 2350; x_wconf 90' lang='lat' dir='ltr'><strong>denique</strong></span> <span class='ocrx_word' id='word_1_164' title='bbox 1041 2275 1137 2332; x_wconf 91' lang='lat' dir='ltr'><strong>locum</strong></span> <span class='ocrx_word' id='word_1_165' title='bbox 1152 2275 1263 2332; x_wconf 92' lang='lat' dir='ltr'><strong>XVIII</strong></span> <span class='ocrx_word' id='word_1_166' title='bbox 1279 2278 1298 2332; x_wconf 88' lang='lat'>4</span> <span class='ocrx_word' id='word_1_167' title='bbox 1314 2267 1386 2343; x_wconf 80' lang='grc' dir='ltr'>δόξω</span> 
     </span>
     <span class='ocr_line' id='line_1_18' title="bbox 197 2372 886 2454; baseline -0.001 -19"><span class='ocrx_word' id='word_1_168' title='bbox 197 2374 253 2435; x_wconf 76' lang='grc' dir='ltr'>οὐδ’</span> <span class='ocrx_word' id='word_1_169' title='bbox 269 2397 360 2454; x_wconf 88' lang='lat' dir='ltr'><strong>pausa</strong></span> <span class='ocrx_word' id='word_1_170' title='bbox 375 2379 575 2436; x_wconf 87' lang='lat' dir='ltr'><strong>excusandum</strong></span> <span class='ocrx_word' id='word_1_171' title='bbox 590 2381 690 2436; x_wconf 90' lang='lat' dir='ltr'><strong>censet</strong></span> <span class='ocrx_word' id='word_1_172' title='bbox 704 2378 852 2436; x_wconf 89' lang='lat' dir='ltr'><strong>Benseler.</strong></span> <span class='ocrx_word' id='word_1_173' title='bbox 861 2372 886 2454; x_wconf 85' lang='lat'><strong>⁵)</strong></span> 
     </span>
    </p>

    <p class='ocr_par' dir='ltr' id='par_1_4' title="bbox 195 2481 1386 2871">
     <span class='ocr_line' id='line_1_19' title="bbox 300 2481 1386 2558; baseline -0.002 -18"><span class='ocrx_word' id='word_1_174' title='bbox 300 2481 412 2546; x_wconf 79' lang='lat' dir='ltr'><strong>Quodsi</strong></span> <span class='ocrx_word' id='word_1_175' title='bbox 431 2502 575 2540; x_wconf 90' lang='lat' dir='ltr'><strong>summam</strong></span> <span class='ocrx_word' id='word_1_176' title='bbox 589 2482 713 2540; x_wconf 87' lang='lat' dir='ltr'><strong>facimus</strong></span> <span class='ocrx_word' id='word_1_177' title='bbox 729 2500 922 2558; x_wconf 89' lang='lat' dir='ltr'><strong>eorumquae</strong></span> <span class='ocrx_word' id='word_1_178' title='bbox 938 2481 1101 2558; x_wconf 87' lang='lat' dir='ltr'><strong>posuimus:</strong></span> <span class='ocrx_word' id='word_1_179' title='bbox 1123 2482 1215 2556; x_wconf 88' lang='lat' dir='ltr'><strong>magis</strong></span> <span class='ocrx_word' id='word_1_180' title='bbox 1230 2481 1386 2539; x_wconf 89' lang='lat' dir='ltr'><strong>indulsisse</strong></span> 
     </span>
     <span class='ocr_line' id='line_1_20' title="bbox 198 2585 1386 2664; baseline 0.001 -22"><span class='ocrx_word' id='word_1_181' title='bbox 198 2585 251 2644; x_wconf 86' lang='lat' dir='ltr'><strong>sibi</strong></span> <span class='ocrx_word' id='word_1_182' title='bbox 266 2587 388 2645; x_wconf 85' lang='lat' dir='ltr'><strong>videtur</strong></span> <span class='ocrx_word' id='word_1_183' title='bbox 408 2587 624 2662; x_wconf 89' lang='lat' dir='ltr'><strong>prooemiorum</strong></span> <span class='ocrx_word' id='word_1_184' title='bbox 639 2590 741 2645; x_wconf 89' lang='lat' dir='ltr'><strong>auctor</strong></span> <span class='ocrx_word' id='word_1_185' title='bbox 755 2585 787 2644; x_wconf 93' lang='lat' dir='ltr'><strong>in</strong></span> <span class='ocrx_word' id='word_1_186' title='bbox 802 2586 933 2645; x_wconf 90' lang='lat' dir='ltr'><strong>hiatibus</strong></span> <span class='ocrx_word' id='word_1_187' title='bbox 949 2585 1152 2657; x_wconf 85' lang='lat' dir='ltr'><strong>admittendis,</strong></span> <span class='ocrx_word' id='word_1_188' title='bbox 1174 2606 1262 2664; x_wconf 89' lang='lat' dir='ltr'><strong>quam</strong></span> <span class='ocrx_word' id='word_1_189' title='bbox 1277 2586 1386 2643; x_wconf 87' lang='lat' dir='ltr'><strong>Demo-</strong></span> 
     </span>
     <span class='ocr_line' id='line_1_21' title="bbox 197 2690 1385 2766; baseline 0.001 -20"><span class='ocrx_word' id='word_1_190' title='bbox 197 2691 313 2749; x_wconf 84' lang='lat' dir='ltr'><strong>sthenes</strong></span> <span class='ocrx_word' id='word_1_191' title='bbox 333 2691 406 2749; x_wconf 85' lang='lat' dir='ltr'><strong>fecit</strong></span> <span class='ocrx_word' id='word_1_192' title='bbox 421 2691 452 2748; x_wconf 91' lang='lat' dir='ltr'><strong>in</strong></span> <span class='ocrx_word' id='word_1_193' title='bbox 473 2691 604 2749; x_wconf 85' lang='lat' dir='ltr'><strong>exordiis</strong></span> <span class='ocrx_word' id='word_1_194' title='bbox 620 2690 799 2762; x_wconf 91' lang='lat' dir='ltr'><strong>contionum,</strong></span> <span class='ocrx_word' id='word_1_195' title='bbox 820 2710 925 2750; x_wconf 86' lang='lat' dir='ltr'><strong>verum</strong></span> <span class='ocrx_word' id='word_1_196' title='bbox 940 2710 998 2748; x_wconf 94' lang='lat' dir='ltr'><strong>non</strong></span> <span class='ocrx_word' id='word_1_197' title='bbox 1014 2690 1066 2761; x_wconf 90' lang='lat' dir='ltr'><strong>ita,</strong></span> <span class='ocrx_word' id='word_1_198' title='bbox 1086 2695 1120 2748; x_wconf 92' lang='lat' dir='ltr'><strong>ut</strong></span> <span class='ocrx_word' id='word_1_199' title='bbox 1135 2690 1205 2748; x_wconf 91' lang='lat' dir='ltr'><strong>inde</strong></span> <span class='ocrx_word' id='word_1_200' title='bbox 1220 2690 1312 2766; x_wconf 87' lang='lat' dir='ltr'><strong>possis</strong></span> <span class='ocrx_word' id='word_1_201' title='bbox 1328 2691 1385 2748; x_wconf 92' lang='lat' dir='ltr'><strong>col·</strong></span> 
     </span>
     <span class='ocr_line' id='line_1_22' title="bbox 195 2793 892 2871; baseline 0.003 -20"><span class='ocrx_word' id='word_1_202' title='bbox 195 2793 286 2868; x_wconf 86' lang='lat' dir='ltr'><strong>ligere</strong></span> <span class='ocrx_word' id='word_1_203' title='bbox 302 2813 337 2852; x_wconf 92' lang='lat' dir='ltr'><strong>ea</strong></span> <span class='ocrx_word' id='word_1_204' title='bbox 352 2814 409 2852; x_wconf 91' lang='lat' dir='ltr'><strong>non</strong></span> <span class='ocrx_word' id='word_1_205' title='bbox 426 2815 487 2852; x_wconf 86' lang='lat' dir='ltr'><strong>esse</strong></span> <span class='ocrx_word' id='word_1_206' title='bbox 504 2815 521 2852; x_wconf 93' lang='lat' dir='ltr'><strong>a</strong></span> <span class='ocrx_word' id='word_1_207' title='bbox 535 2795 736 2852; x_wconf 89' lang='lat' dir='ltr'><strong>Demosthene</strong></span> <span class='ocrx_word' id='word_1_208' title='bbox 751 2795 892 2871; x_wconf 90' lang='lat' dir='ltr'><strong>profecta.</strong></span> 
     </span>
    </p>

    <p class='ocr_par' dir='ltr' id='par_1_5' title="bbox 191 2898 1436 3813">
     <span class='ocr_line' id='line_1_23' title="bbox 297 2898 1385 2977; baseline 0 -21"><span class='ocrx_word' id='word_1_209' title='bbox 297 2899 354 2956; x_wconf 85' lang='lat' dir='ltr'><strong>His</strong></span> <span class='ocrx_word' id='word_1_210' title='bbox 366 2899 403 2956; x_wconf 92' lang='lat' dir='ltr'><strong>de</strong></span> <span class='ocrx_word' id='word_1_211' title='bbox 417 2899 502 2956; x_wconf 89' lang='lat' dir='ltr'><strong>hiatu</strong></span> <span class='ocrx_word' id='word_1_212' title='bbox 515 2899 680 2975; x_wconf 81' lang='lat' dir='ltr'><strong>explanatis</strong></span> <span class='ocrx_word' id='word_1_213' title='bbox 697 2899 855 2956; x_wconf 90' lang='lat' dir='ltr'><strong>dicendum</strong></span> <span class='ocrx_word' id='word_1_214' title='bbox 868 2904 912 2956; x_wconf 89' lang='lat' dir='ltr'><strong>est</strong></span> <span class='ocrx_word' id='word_1_215' title='bbox 924 2900 961 2956; x_wconf 90' lang='lat' dir='ltr'><strong>de</strong></span> <span class='ocrx_word' id='word_1_216' title='bbox 972 2898 1137 2956; x_wconf 90' lang='lat' dir='ltr'><strong>numeris.</strong></span> <span class='ocrx_word' id='word_1_217' title='bbox 1155 2918 1227 2977; x_wconf 87' lang='lat' dir='ltr'><strong>quos</strong></span> <span class='ocrx_word' id='word_1_218' title='bbox 1238 2899 1385 2958; x_wconf 90' lang='lat' dir='ltr'><strong>contineri</strong></span> 
     </span>
     <span class='ocr_line' id='line_1_24' title="bbox 194 3000 1383 3082; baseline 0.003 -24"><span class='ocrx_word' id='word_1_219' title='bbox 194 3000 295 3078; x_wconf 86' lang='lat' dir='ltr'><strong>longis,</strong></span> <span class='ocrx_word' id='word_1_220' title='bbox 312 3003 451 3063; x_wconf 87' lang='lat' dir='ltr'><strong>brevibus</strong></span> <span class='ocrx_word' id='word_1_221' title='bbox 467 3004 587 3082; x_wconf 82' lang='lat' dir='ltr'><strong>syllabis</strong></span> <span class='ocrx_word' id='word_1_222' title='bbox 600 3003 683 3064; x_wconf 88' lang='lat' dir='ltr'><strong>vario</strong></span> <span class='ocrx_word' id='word_1_223' title='bbox 698 3005 784 3061; x_wconf 91' lang='lat' dir='ltr'><strong>modo</strong></span> <span class='ocrx_word' id='word_1_224' title='bbox 796 3003 946 3080; x_wconf 82' lang='lat' dir='ltr'><strong>variisque</strong></span> <span class='ocrx_word' id='word_1_225' title='bbox 961 3002 1126 3063; x_wconf 84' lang='lat' dir='ltr'><strong>intervallis</strong></span> <span class='ocrx_word' id='word_1_226' title='bbox 1137 3004 1217 3062; x_wconf 89' lang='lat' dir='ltr'><strong>inter</strong></span> <span class='ocrx_word' id='word_1_227' title='bbox 1228 3024 1259 3062; x_wconf 91' lang='lat' dir='ltr'><strong>se</strong></span> <span class='ocrx_word' id='word_1_228' title='bbox 1271 3004 1383 3080; x_wconf 86' lang='lat' dir='ltr'><strong>excipi·</strong></span> 
     </span>
     <span class='ocr_line' id='line_1_25' title="bbox 194 3108 1384 3186; baseline -0.002 -20"><span class='ocrx_word' id='word_1_229' title='bbox 194 3108 308 3167; x_wconf 92' lang='lat' dir='ltr'><strong>entibus</strong></span> <span class='ocrx_word' id='word_1_230' title='bbox 324 3110 512 3185; x_wconf 88' lang='lat' dir='ltr'><strong>perspicuum</strong></span> <span class='ocrx_word' id='word_1_231' title='bbox 528 3113 581 3167; x_wconf 90' lang='lat' dir='ltr'><strong>est.</strong></span> <span class='ocrx_word' id='word_1_232' title='bbox 598 3129 693 3186; x_wconf 91' lang='lat' dir='ltr'><strong>neque</strong></span> <span class='ocrx_word' id='word_1_233' title='bbox 709 3129 781 3186; x_wconf 89' lang='lat' dir='ltr'><strong>opus</strong></span> <span class='ocrx_word' id='word_1_234' title='bbox 797 3113 842 3166; x_wconf 88' lang='lat' dir='ltr'><strong>est</strong></span> <span class='ocrx_word' id='word_1_235' title='bbox 857 3108 1012 3166; x_wconf 88' lang='lat' dir='ltr'><strong>adfirmare</strong></span> <span class='ocrx_word' id='word_1_236' title='bbox 1028 3128 1113 3166; x_wconf 89' lang='lat' dir='ltr'><strong>aures</strong></span> <span class='ocrx_word' id='word_1_237' title='bbox 1126 3113 1239 3167; x_wconf 88' lang='lat' dir='ltr'><strong>nostras</strong></span> <span class='ocrx_word' id='word_1_238' title='bbox 1251 3109 1384 3185; x_wconf 86' lang='lat' dir='ltr'><strong>pluribus</strong></span> 
     </span>
     <span class='ocr_line' id='line_1_26' title="bbox 193 3211 1383 3291; baseline 0.003 -23"><span class='ocrx_word' id='word_1_239' title='bbox 193 3211 286 3287; x_wconf 86' lang='lat' dir='ltr'><strong>longis</strong></span> <span class='ocrx_word' id='word_1_240' title='bbox 306 3212 426 3290; x_wconf 84' lang='lat' dir='ltr'><strong>syllabis</strong></span> <span class='ocrx_word' id='word_1_241' title='bbox 445 3213 477 3270; x_wconf 92' lang='lat' dir='ltr'><strong>in</strong></span> <span class='ocrx_word' id='word_1_242' title='bbox 497 3213 630 3271; x_wconf 88' lang='lat' dir='ltr'><strong>oratione</strong></span> <span class='ocrx_word' id='word_1_243' title='bbox 649 3212 837 3284; x_wconf 86' lang='lat' dir='ltr'><strong>continuatis,</strong></span> <span class='ocrx_word' id='word_1_244' title='bbox 862 3212 919 3271; x_wconf 91' lang='lat' dir='ltr'><strong>nisi</strong></span> <span class='ocrx_word' id='word_1_245' title='bbox 940 3232 1027 3271; x_wconf 89' lang='lat' dir='ltr'><strong>eausa</strong></span> <span class='ocrx_word' id='word_1_246' title='bbox 1046 3213 1133 3285; x_wconf 82' lang='lat' dir='ltr'><strong>adalt,</strong></span> <span class='ocrx_word' id='word_1_247' title='bbox 1158 3233 1252 3291; x_wconf 89' lang='lat' dir='ltr'><strong>aeque</strong></span> <span class='ocrx_word' id='word_1_248' title='bbox 1272 3213 1383 3271; x_wconf 85' lang='lat' dir='ltr'><strong>offendi</strong></span> 
     </span>
     <span class='ocr_line' id='line_1_27' title="bbox 193 3316 1382 3394; baseline 0 -20"><span class='ocrx_word' id='word_1_249' title='bbox 193 3335 225 3374; x_wconf 88' lang='lat' dir='ltr'><strong>ac</strong></span> <span class='ocrx_word' id='word_1_250' title='bbox 248 3317 311 3374; x_wconf 92' lang='lat' dir='ltr'><strong>sine</strong></span> <span class='ocrx_word' id='word_1_251' title='bbox 334 3335 420 3375; x_wconf 90' lang='lat' dir='ltr'><strong>causa</strong></span> <span class='ocrx_word' id='word_1_252' title='bbox 438 3316 541 3392; x_wconf 89' lang='lat' dir='ltr'><strong>positis</strong></span> <span class='ocrx_word' id='word_1_253' title='bbox 561 3317 700 3393; x_wconf 89' lang='lat' dir='ltr'><strong>deinceps</strong></span> <span class='ocrx_word' id='word_1_254' title='bbox 724 3317 856 3393; x_wconf 91' lang='lat' dir='ltr'><strong>pluribus</strong></span> <span class='ocrx_word' id='word_1_255' title='bbox 879 3317 1028 3377; x_wconf 86' lang='lat' dir='ltr'><strong>brevibus.</strong></span> <span class='ocrx_word' id='word_1_256' title='bbox 1052 3317 1153 3394; x_wconf 89' lang='lat' dir='ltr'><strong>itaque</strong></span> <span class='ocrx_word' id='word_1_257' title='bbox 1173 3319 1254 3376; x_wconf 89' lang='lat' dir='ltr'><strong>Blass</strong></span> <span class='ocrx_word' id='word_1_258' title='bbox 1274 3318 1382 3376; x_wconf 88' lang='lat' dir='ltr'><strong>Demo·</strong></span> 
     </span>
     <span class='ocr_line' id='line_1_28' title="bbox 193 3420 1382 3499; baseline 0 -21"><span class='ocrx_word' id='word_1_259' title='bbox 193 3420 305 3478; x_wconf 83' lang='lat' dir='ltr'><strong>athenis</strong></span> <span class='ocrx_word' id='word_1_260' title='bbox 321 3421 467 3479; x_wconf 91' lang='lat' dir='ltr'><strong>orationes</strong></span> <span class='ocrx_word' id='word_1_261' title='bbox 482 3420 710 3496; x_wconf 85' lang='lat' dir='ltr'><strong>diligentissime</strong></span> <span class='ocrx_word' id='word_1_262' title='bbox 726 3421 898 3499; x_wconf 87' lang='lat' dir='ltr'><strong>perquirens</strong></span> <span class='ocrx_word' id='word_1_263' title='bbox 909 3423 985 3480; x_wconf 90' lang='lat' dir='ltr'><strong>hanc</strong></span> <span class='ocrx_word' id='word_1_264' title='bbox 996 3423 1093 3496; x_wconf 89' lang='lat' dir='ltr'><strong>legem</strong></span> <span class='ocrx_word' id='word_1_265' title='bbox 1105 3424 1140 3480; x_wconf 90' lang='lat' dir='ltr'><strong>ab</strong></span> <span class='ocrx_word' id='word_1_266' title='bbox 1153 3441 1187 3479; x_wconf 90' lang='lat' dir='ltr'><strong>eo</strong></span> <span class='ocrx_word' id='word_1_267' title='bbox 1200 3424 1382 3481; x_wconf 82' lang='lat' dir='ltr'><strong>observatam</strong></span> 
     </span>
     <span class='ocr_line' id='line_1_29' title="bbox 193 3524 1382 3604; baseline 0 -22"><span class='ocrx_word' id='word_1_268' title='bbox 193 3524 344 3600; x_wconf 86' lang='lat' dir='ltr'><strong>cognovit:</strong></span> <span class='ocrx_word' id='word_1_269' title='bbox 365 3545 423 3583; x_wconf 91' lang='lat' dir='ltr'><strong>non</strong></span> <span class='ocrx_word' id='word_1_270' title='bbox 443 3545 505 3583; x_wconf 87' lang='lat' dir='ltr'><strong>esse</strong></span> <span class='ocrx_word' id='word_1_271' title='bbox 525 3527 589 3602; x_wconf 91' lang='lat' dir='ltr'><strong>plus</strong></span> <span class='ocrx_word' id='word_1_272' title='bbox 609 3527 681 3583; x_wconf 87' lang='lat' dir='ltr'><strong>duas</strong></span> <span class='ocrx_word' id='word_1_273' title='bbox 697 3527 822 3604; x_wconf 81' lang='lat' dir='ltr'><strong>syllabas</strong></span> <span class='ocrx_word' id='word_1_274' title='bbox 837 3529 942 3586; x_wconf 87' lang='lat' dir='ltr'><strong>breves</strong></span> <span class='ocrx_word' id='word_1_275' title='bbox 961 3526 1183 3598; x_wconf 88' lang='lat' dir='ltr'><strong>continuandas,</strong></span> <span class='ocrx_word' id='word_1_276' title='bbox 1205 3525 1268 3583; x_wconf 89' lang='lat' dir='ltr'><strong>dari</strong></span> <span class='ocrx_word' id='word_1_277' title='bbox 1284 3530 1382 3583; x_wconf 88' lang='lat' dir='ltr'><strong>autem</strong></span> 
     </span>
     <span class='ocr_line' id='line_1_30' title="bbox 192 3629 1436 3712; baseline 0.001 -27"><span class='ocrx_word' id='word_1_278' title='bbox 192 3629 365 3706; x_wconf 91' lang='lat' dir='ltr'><strong>quibusdam</strong></span> <span class='ocrx_word' id='word_1_279' title='bbox 381 3630 516 3690; x_wconf 85' lang='lat' dir='ltr'><strong>brevium</strong></span> <span class='ocrx_word' id='word_1_280' title='bbox 532 3632 710 3708; x_wconf 87' lang='lat' dir='ltr'><strong>syllabarum</strong></span> <span class='ocrx_word' id='word_1_281' title='bbox 725 3630 996 3689; x_wconf 88' lang='lat' dir='ltr'><strong>continuationibus</strong></span> <span class='ocrx_word' id='word_1_282' title='bbox 1012 3631 1226 3706; x_wconf 85' lang='lat' dir='ltr'><strong>exceptionem.</strong></span> <span class='ocrx_word' id='word_1_283' title='bbox 1243 3649 1330 3708; x_wconf 90' lang='lat' dir='ltr'><strong>quam</strong></span> <span class='ocrx_word' id='word_1_284' title='bbox 1340 3631 1382 3687; x_wconf 87' lang='lat' dir='ltr'><strong>le·</strong></span> <span class='ocrx_word' id='word_1_285' title='bbox 1435 3709 1436 3712; x_wconf 7' lang='grc' dir='ltr'><strong>Ἰ</strong></span> 
     </span>
     <span class='ocr_line' id='line_1_31' title="bbox 191 3728 1379 3813; baseline 0.002 -23"><span class='ocrx_word' id='word_1_286' title='bbox 191 3752 257 3806; x_wconf 89' lang='lat' dir='ltr'><strong>gem</strong></span> <span class='ocrx_word' id='word_1_287' title='bbox 268 3733 448 3792; x_wconf 90' lang='lat' dir='ltr'><strong>orationibus</strong></span> <span class='ocrx_word' id='word_1_288' title='bbox 461 3734 636 3811; x_wconf 90' lang='lat' dir='ltr'><strong>quibusdam</strong></span> <span class='ocrx_word' id='word_1_289' title='bbox 648 3735 812 3793; x_wconf 88' lang='lat' dir='ltr'><strong>accuratius</strong></span> <span class='ocrx_word' id='word_1_290' title='bbox 824 3735 1002 3792; x_wconf 88' lang='lat' dir='ltr'><strong>examinatis</strong></span> <span class='ocrx_word' id='word_1_291' title='bbox 1012 3736 1212 3794; x_wconf 89' lang='lat' dir='ltr'><strong>demonstrare</strong></span> <span class='ocrx_word' id='word_1_292' title='bbox 1224 3735 1345 3792; x_wconf 91' lang='lat' dir='ltr'><strong>studuit.</strong></span> <span class='ocrx_word' id='word_1_293' title='bbox 1355 3728 1379 3813; x_wconf 78' lang='grc'><strong>6)</strong></span> 
     </span>
    </p>
   </div>
   <div class='ocr_carea' id='block_1_3' title="bbox 191 3835 1379 3919">
    <p class='ocr_par' dir='ltr' id='par_1_6' title="bbox 191 3835 1379 3919">
     <span class='ocr_line' id='line_1_32' title="bbox 191 3835 1379 3919; baseline 0.002 -25"><span class='ocrx_word' id='word_1_294' title='bbox 191 3837 266 3895; x_wconf 91' lang='lat' dir='ltr'><strong>mihi</strong></span> <span class='ocrx_word' id='word_1_295' title='bbox 275 3838 395 3916; x_wconf 91' lang='lat' dir='ltr'><strong>quidem</strong></span> <span class='ocrx_word' id='word_1_296' title='bbox 404 3839 460 3897; x_wconf 90' lang='lat' dir='ltr'><strong>etsi</strong></span> <span class='ocrx_word' id='word_1_297' title='bbox 469 3858 511 3909; x_wconf 90' lang='lat' dir='ltr'><strong>ea,</strong></span> <span class='ocrx_word' id='word_1_298' title='bbox 521 3858 596 3916; x_wconf 87' lang='lat' dir='ltr'><strong>quae</strong></span> <span class='ocrx_word' id='word_1_299' title='bbox 605 3842 660 3896; x_wconf 90' lang='lat' dir='ltr'><strong>Ae.</strong></span> <span class='ocrx_word' id='word_1_300' title='bbox 669 3839 761 3897; x_wconf 85' lang='lat' dir='ltr'><strong>Heita</strong></span> <span class='ocrx_word' id='word_1_301' title='bbox 770 3840 869 3898; x_wconf 90' lang='lat' dir='ltr'><strong>dehac</strong></span> <span class='ocrx_word' id='word_1_302' title='bbox 877 3859 910 3898; x_wconf 93' lang='lat' dir='ltr'><strong>re</strong></span> <span class='ocrx_word' id='word_1_303' title='bbox 918 3839 1005 3910; x_wconf 86' lang='lat' dir='ltr'><strong>dixit,</strong></span> <span class='ocrx_word' id='word_1_304' title='bbox 1016 3835 1039 3919; x_wconf 77' lang='grc'><strong>7)</strong></span> <span class='ocrx_word' id='word_1_305' title='bbox 1049 3859 1166 3916; x_wconf 89' lang='lat' dir='ltr'><strong>prorsus</strong></span> <span class='ocrx_word' id='word_1_306' title='bbox 1174 3842 1295 3916; x_wconf 90' lang='lat' dir='ltr'><strong>probata</strong></span> <span class='ocrx_word' id='word_1_307' title='bbox 1304 3845 1379 3910; x_wconf 88' lang='lat' dir='ltr'><strong>sunt,</strong></span> 
     </span>
    </p>
   </div>
   <div class='ocr_carea' id='block_1_4' title="bbox 191 3942 1380 4022">
    <p class='ocr_par' dir='ltr' id='par_1_7' title="bbox 191 3942 1380 4022">
     <span class='ocr_line' id='line_1_33' title="bbox 191 3942 1380 4022; baseline 0.002 -23"><span class='ocrx_word' id='word_1_308' title='bbox 191 3946 315 4000; x_wconf 87' lang='lat' dir='ltr'><strong>atcerte</strong></span> <span class='ocrx_word' id='word_1_309' title='bbox 336 3943 364 4000; x_wconf 89' lang='lat' dir='ltr'><strong>ei</strong></span> <span class='ocrx_word' id='word_1_310' title='bbox 379 3942 433 4014; x_wconf 85' lang='lat' dir='ltr'><strong>rei,</strong></span> <span class='ocrx_word' id='word_1_311' title='bbox 456 3963 543 4021; x_wconf 92' lang='lat' dir='ltr'><strong>quam</strong></span> <span class='ocrx_word' id='word_1_312' title='bbox 559 3943 641 4001; x_wconf 91' lang='lat' dir='ltr'><strong>Blass</strong></span> <span class='ocrx_word' id='word_1_313' title='bbox 661 3944 838 4015; x_wconf 85' lang='lat' dir='ltr'><strong>observavit,</strong></span> <span class='ocrx_word' id='word_1_314' title='bbox 860 3945 985 4022; x_wconf 86' lang='lat' dir='ltr'><strong>syllabas</strong></span> <span class='ocrx_word' id='word_1_315' title='bbox 1000 3946 1065 4020; x_wconf 92' lang='lat' dir='ltr'><strong>plus</strong></span> <span class='ocrx_word' id='word_1_316' title='bbox 1081 3945 1152 4002; x_wconf 89' lang='lat' dir='ltr'><strong>duas</strong></span> <span class='ocrx_word' id='word_1_317' title='bbox 1167 3947 1272 4004; x_wconf 88' lang='lat' dir='ltr'><strong>breves</strong></span> <span class='ocrx_word' id='word_1_318' title='bbox 1287 3944 1380 4002; x_wconf 86' lang='lat' dir='ltr'><strong>eonti-</strong></span> 
     </span>
    </p>
   </div>
   <div class='ocr_carea' id='block_1_5' title="bbox 190 4180 1380 4855">
    <p class='ocr_par' dir='ltr' id='par_1_8' title="bbox 190 4180 1380 4406">
     <span class='ocr_line' id='line_1_34' title="bbox 190 4180 1380 4251; baseline 0 -19"><span class='ocrx_word' id='word_1_319' title='bbox 190 4182 260 4248; x_wconf 92' lang='lat' dir='ltr'><strong>quod</strong></span> <span class='ocrx_word' id='word_1_320' title='bbox 284 4180 303 4230; x_wconf 88' lang='grc' dir='ltr'>Σ</span> <span class='ocrx_word' id='word_1_321' title='bbox 326 4182 425 4232; x_wconf 87' lang='lat' dir='ltr'><strong>codicis</strong></span> <span class='ocrx_word' id='word_1_322' title='bbox 448 4181 564 4233; x_wconf 88' lang='lat' dir='ltr'><strong>lectione</strong></span> <span class='ocrx_word' id='word_1_323' title='bbox 588 4180 777 4249; x_wconf 69' lang='lat' dir='ltr'><strong>supssoolstovt&#39;</strong></span> <span class='ocrx_word' id='word_1_324' title='bbox 802 4183 917 4248; x_wconf 89' lang='lat' dir='ltr'><strong>quodam</strong></span> <span class='ocrx_word' id='word_1_325' title='bbox 935 4184 1013 4234; x_wconf 89' lang='lat' dir='ltr'><strong>modo</strong></span> <span class='ocrx_word' id='word_1_326' title='bbox 1033 4189 1195 4233; x_wconf 86' lang='lat' dir='ltr'><strong>monstratur</strong></span> <span class='ocrx_word' id='word_1_327' title='bbox 1213 4181 1258 4251; x_wconf 86' lang='lat' dir='ltr'><strong>(cf.</strong></span> <span class='ocrx_word' id='word_1_328' title='bbox 1279 4183 1380 4234; x_wconf 82' lang='lat' dir='ltr'><strong>Sohae-</strong></span> 
     </span>
     <span class='ocr_line' id='line_1_35' title="bbox 190 4268 1380 4337; baseline 0.001 -18"><span class='ocrx_word' id='word_1_329' title='bbox 190 4269 230 4320; x_wconf 86' lang='lat' dir='ltr'><strong>fer</strong></span> <span class='ocrx_word' id='word_1_330' title='bbox 247 4285 307 4335; x_wconf 91' lang='lat' dir='ltr'><strong>app.</strong></span> <span class='ocrx_word' id='word_1_331' title='bbox 326 4271 383 4320; x_wconf 86' lang='lat' dir='ltr'><strong>crit.</strong></span> <span class='ocrx_word' id='word_1_332' title='bbox 397 4269 421 4318; x_wconf 92' lang='lat' dir='ltr'><strong>V</strong></span> <span class='ocrx_word' id='word_1_333' title='bbox 440 4268 510 4337; x_wconf 82' lang='grc'>689).</span> <span class='ocrx_word' id='word_1_334' title='bbox 534 4285 587 4335; x_wconf 90' lang='lat' dir='ltr'><strong>qua</strong></span> <span class='ocrx_word' id='word_1_335' title='bbox 606 4270 639 4320; x_wconf 90' lang='lat' dir='ltr'><strong>de</strong></span> <span class='ocrx_word' id='word_1_336' title='bbox 658 4285 738 4320; x_wconf 89' lang='lat' dir='ltr'><strong>causa</strong></span> <span class='ocrx_word' id='word_1_337' title='bbox 759 4271 831 4321; x_wconf 90' lang='lat' dir='ltr'><strong>hunc</strong></span> <span class='ocrx_word' id='word_1_338' title='bbox 854 4271 944 4322; x_wconf 88' lang='lat' dir='ltr'><strong>locum</strong></span> <span class='ocrx_word' id='word_1_339' title='bbox 963 4270 1075 4321; x_wconf 87' lang='lat' dir='ltr'><strong>consilio</strong></span> <span class='ocrx_word' id='word_1_340' title='bbox 1093 4272 1233 4336; x_wconf 83' lang='lat' dir='ltr'><strong>segregavi</strong></span> <span class='ocrx_word' id='word_1_341' title='bbox 1251 4287 1268 4320; x_wconf 85' lang='lat' dir='ltr'><strong>a</strong></span> <span class='ocrx_word' id='word_1_342' title='bbox 1286 4271 1380 4321; x_wconf 89' lang='lat' dir='ltr'><strong>ceteris</strong></span> 
     </span>
     <span class='ocr_line' id='line_1_36' title="bbox 190 4355 473 4406; baseline 0.004 -1"><span class='ocrx_word' id='word_1_343' title='bbox 190 4356 263 4406; x_wconf 89' lang='lat' dir='ltr'><strong>hiatu</strong></span> <span class='ocrx_word' id='word_1_344' title='bbox 281 4355 473 4406; x_wconf 85' lang='lat' dir='ltr'><strong>laborantibus.</strong></span> 
     </span>
    </p>

    <p class='ocr_par' dir='ltr' id='par_1_9' title="bbox 294 4442 746 4509">
     <span class='ocr_line' id='line_1_37' title="bbox 294 4442 746 4509; baseline 0.009 -17"><span class='ocrx_word' id='word_1_345' title='bbox 294 4442 435 4509; x_wconf 79' lang='grc' dir='ltr'><strong>1)Ρ.155.</strong></span> <span class='ocrx_word' id='word_1_346' title='bbox 507 4444 526 4509; x_wconf 86' lang='lat'><strong>²)</strong></span> <span class='ocrx_word' id='word_1_347' title='bbox 545 4445 575 4494; x_wconf 93' lang='lat' dir='ltr'><strong>P.</strong></span> <span class='ocrx_word' id='word_1_348' title='bbox 589 4445 622 4493; x_wconf 87' lang='grc'><strong>86</strong></span> <span class='ocrx_word' id='word_1_349' title='bbox 642 4449 669 4494; x_wconf 92' lang='lat' dir='ltr'><strong>et</strong></span> <span class='ocrx_word' id='word_1_350' title='bbox 690 4445 746 4497; x_wconf 76' lang='lat'>154.</span> 
     </span>
    </p>

    <p class='ocr_par' dir='ltr' id='par_1_10' title="bbox 293 4528 811 4597">
     <span class='ocr_line' id='line_1_38' title="bbox 293 4528 811 4597; baseline 0 -17"><span class='ocrx_word' id='word_1_351' title='bbox 293 4528 313 4595; x_wconf 69' lang='grc'><strong>3)</strong></span> <span class='ocrx_word' id='word_1_352' title='bbox 332 4530 363 4580; x_wconf 94' lang='lat' dir='ltr'><strong>P.</strong></span> <span class='ocrx_word' id='word_1_353' title='bbox 375 4530 418 4579; x_wconf 85' lang='lat'><strong>85.</strong></span> <span class='ocrx_word' id='word_1_354' title='bbox 489 4528 509 4597; x_wconf 89' lang='lat'><strong>⁴)</strong></span> <span class='ocrx_word' id='word_1_355' title='bbox 528 4530 558 4580; x_wconf 90' lang='grc' dir='ltr'><strong>Ρ.</strong></span> <span class='ocrx_word' id='word_1_356' title='bbox 573 4532 614 4580; x_wconf 87' lang='grc'><strong>73.</strong></span> <span class='ocrx_word' id='word_1_357' title='bbox 686 4529 706 4595; x_wconf 73' lang='grc'><strong>5)</strong></span> <span class='ocrx_word' id='word_1_358' title='bbox 725 4531 755 4580; x_wconf 88' lang='grc' dir='ltr'><strong>Ρ.</strong></span> <span class='ocrx_word' id='word_1_359' title='bbox 769 4532 811 4580; x_wconf 86' lang='grc'><strong>93.</strong></span> 
     </span>
    </p>

    <p class='ocr_par' dir='ltr' id='par_1_11' title="bbox 293 4615 484 4681">
     <span class='ocr_line' id='line_1_39' title="bbox 293 4615 484 4681; baseline 0 -15"><span class='ocrx_word' id='word_1_360' title='bbox 293 4615 315 4678; x_wconf 81' lang='lat'><strong>⁶)</strong></span> <span class='ocrx_word' id='word_1_361' title='bbox 333 4617 363 4666; x_wconf 90' lang='lat' dir='ltr'><strong>P.</strong></span> <span class='ocrx_word' id='word_1_362' title='bbox 377 4617 409 4666; x_wconf 83' lang='grc'><strong>99</strong></span> <span class='ocrx_word' id='word_1_363' title='bbox 429 4631 484 4681; x_wconf 92' lang='lat' dir='ltr'><strong>sqq.</strong></span> 
     </span>
    </p>

    <p class='ocr_par' dir='ltr' id='par_1_12' title="bbox 190 4701 1377 4855">
     <span class='ocr_line' id='line_1_40' title="bbox 292 4701 1377 4767; baseline 0.004 -16"><span class='ocrx_word' id='word_1_364' title='bbox 292 4702 313 4764; x_wconf 77' lang='grc'><strong>7)</strong></span> <span class='ocrx_word' id='word_1_365' title='bbox 331 4702 364 4752; x_wconf 95' lang='lat' dir='ltr'><strong>In</strong></span> <span class='ocrx_word' id='word_1_366' title='bbox 382 4702 410 4753; x_wconf 81' lang='lat'><strong>0.</strong></span> <span class='ocrx_word' id='word_1_367' title='bbox 430 4702 461 4752; x_wconf 94' lang='lat'><strong>0.</strong></span> <span class='ocrx_word' id='word_1_368' title='bbox 474 4701 600 4753; x_wconf 86' lang='lat' dir='ltr'><strong>Muelleri</strong></span> <span class='ocrx_word' id='word_1_369' title='bbox 619 4702 679 4754; x_wconf 89' lang='lat' dir='ltr'><strong>hist.</strong></span> <span class='ocrx_word' id='word_1_370' title='bbox 693 4703 743 4754; x_wconf 90' lang='lat' dir='ltr'><strong>litt.</strong></span> <span class='ocrx_word' id='word_1_371' title='bbox 758 4702 851 4754; x_wconf 80' lang='lat' dir='ltr'><strong>Graec.</strong></span> <span class='ocrx_word' id='word_1_372' title='bbox 865 4704 929 4767; x_wconf 80' lang='lat'><strong>112,</strong></span> <span class='ocrx_word' id='word_1_373' title='bbox 947 4706 1011 4767; x_wconf 80' lang='grc'><strong>394;</strong></span> <span class='ocrx_word' id='word_1_374' title='bbox 1030 4703 1063 4752; x_wconf 88' lang='lat' dir='ltr'><strong>cf.</strong></span> <span class='ocrx_word' id='word_1_375' title='bbox 1076 4704 1107 4753; x_wconf 85' lang='lat' dir='ltr'><strong>F.</strong></span> <span class='ocrx_word' id='word_1_376' title='bbox 1120 4702 1192 4752; x_wconf 86' lang='lat' dir='ltr'><strong>Riihl</strong></span> <span class='ocrx_word' id='word_1_377' title='bbox 1210 4703 1277 4752; x_wconf 89' lang='lat' dir='ltr'><strong>Mus.</strong></span> <span class='ocrx_word' id='word_1_378' title='bbox 1292 4703 1377 4755; x_wconf 83' lang='lat' dir='ltr'><strong>Rhen.</strong></span> 
     </span>
     <span class='ocr_line' id='line_1_41' title="bbox 190 4789 452 4855; baseline 0.004 -17"><span class='ocrx_word' id='word_1_379' title='bbox 190 4789 319 4839; x_wconf 87' lang='lat' dir='ltr'><strong>XXXIIlI</strong></span> <span class='ocrx_word' id='word_1_380' title='bbox 332 4791 382 4838; x_wconf 74' lang='lat'><strong>593</strong></span> <span class='ocrx_word' id='word_1_381' title='bbox 396 4805 452 4855; x_wconf 87' lang='lat' dir='ltr'><strong>sqq.</strong></span> 
     </span>
    </p>
   </div>
   <div class='ocr_carea' id='block_1_6' title="bbox 0 0 1770 5536">
    <p class='ocr_par' dir='ltr' id='par_1_13' title="bbox 0 0 1770 5536">
     <span class='ocr_line' id='line_1_42' title="bbox 0 0 1770 5536; baseline 0 0"><span class='ocrx_word' id='word_1_382' title='bbox 0 0 1770 5536; x_wconf 95' lang='lat' dir='ltr'><strong> </strong></span> 
     </span>
    </p>
   </div>
  </div>
 </body>
</html>
