3530 5536
857 536 1070 589 ..36-

369 730 471 786 borum
487 725 707 802 comprehensio
723 723 810 783 obvia
824 723 859 781 fit
873 721 1013 780 Isocratis
1028 720 1173 779 orationes
1188 720 1330 780 volventi.
1354 720 1491 797 equidem
1506 721 1560 777 hoe

302 837 304 843 '
368 834 445 891 looos
459 830 576 892 notavi:
597 849 639 888 or.
655 829 682 884 V
700 832 770 899 110,
791 831 864 897 129;
882 827 926 883 VI
943 830 997 896 283
1017 826 1076 882 VH
1093 828 1148 896 58;
1166 825 1244 882 VIII
1261 827 1300 882 58
1318 844 1373 900 sq.;
1395 826 1453 882 XV
1472 829 1486 882 1
1505 825 1558 895 in.,

370 939 419 1007 55,
439 939 510 1007 ιιι,
529 938 600 1004 163,
618 936 679 990 τεο
696 951 739 1008 sq.

471 1039 559 1096 Heud
576 1037 634 1094 seio
650 1055 686 1093 on
702 1055 758 1093 non
775 1035 904 1094 alienum
919 1035 966 1105 sit,
987 1035 1044 1091 hoo
1059 1034 1122 1090 loeo
1138 1031 1229 1090 etiem
1244 1052 1379 1108 magnam
1394 1037 1559 1091 structurae

367 1147 523 1206 verborum
543 1140 770 1199 similitudinem
790 1141 952 1211 ostendere,
974 1157 1048 1216 quae
1069 1141 1113 1195 est
1132 1137 1163 1194 in
1178 1137 1227 1194 his
1242 1137 1457 1213 prooemiorum
1472 1138 1558 1195 loeis:

366 1269 411 1325 pr.
423 1252 472 1319 16,
485 1267 495 1304 1
510 1241 684 1318 Ἐβουλόμην
697 1245 729 1320 ἂν
741 1243 821 1320 ὑμᾶς,
833 1236 891 1302 ὦά.
902 1241 953 1320 Ἀ.,
964 1234 983 1321 ᾖ
993 1285 999 1298 .
1011 1283 1017 1298 .
1028 1235 1141 1298 εἰώθατε
1152 1240 1350 1319 προσφέρεσθαι
1361 1239 1558 1321 φιλανθρωπίᾳ,

366 1351 447 1430 ταύτφ
467 1347 513 1408 καὶ
529 1394 537 1409 .
555 1397 562 1411 .
578 1347 711 1427 χρῆσθαι·
725 1342 735 1431 ΙΙ
749 1343 804 1405 νυνὶ
820 1344 844 1404 δ’
854 1344 980 1421 ἀμείνους
996 1343 1058 1404 ἐστὲ
1075 1393 1082 1406 .
1098 1393 1104 1407 .
1121 1342 1276 1424 φροντίζειν,
1296 1366 1340 1422 pr.
1359 1350 1409 1417 32,
1427 1366 1438 1403 1
1455 1343 1559 1418 Ἧβου-

368 1453 458 1529 λόμην
475 1453 517 1531 ἄν,
533 1448 556 1510 ὦ
573 1451 598 1510 ά.
616 1452 667 1531 Ἀ,
688 1450 737 1525 τήν
756 1449 815 1525 ἴσην
831 1449 951 1525 σπουδὴν
967 1447 1052 1522 ένίους
1065 1447 1119 1508 τῶν
1134 1449 1274 1526 λεγόντων
1288 1448 1419 1508 ποιεῖσθαι
1434 1450 1509 1521 ὅπως
1526 1495 1532 1508 .
1550 1494 1557 1507 .

366 1557 478 1637 ἐροῦσιν,
499 1558 616 1636 ὅσηνπερ
637 1557 712 1626 ὅπως
728 1553 757 1614 εὑ
773 1552 880 1627 δόξουσι
894 1555 999 1635 λέγειν,
1020 1554 1053 1613 ἵν’
1071 1603 1079 1616 .
1097 1573 1122 1616 .·
1138 1548 1147 1637 ΙΙ
1161 1557 1205 1614 νύν
1222 1552 1246 1612 δ’
1256 1552 1321 1613 ένιοῖ
1336 1572 1382 1627 μοι
1398 1551 1507 1613 δοκοῦσι
1523 1600 1530 1613 .
1549 1600 1555 1612 .

365 1660 520 1742 φροντίζειν,
541 1683 585 1741 pr.
604 1668 654 1735 23,
675 1660 760 1739 εέγὼ
782 1659 832 1737 μὲν
847 1655 893 1721 οὑν
910 1659 1066 1736 ἐβουλόμην
1082 1659 1125 1741 άν,
1145 1661 1235 1738 ὥσπερ
1251 1659 1291 1718 ότι
1307 1705 1314 1719 .
1332 1705 1338 1718 .
1356 1653 1428 1738 οίδα,
1451 1654 1454 1743 Ι
1473 1659 1558 1731 οὑτως

366 1764 488 1825 εἰδέναι.
507 1782 533 1827 .·
551 1761 555 1850 Ι
572 1763 672 1844 πολλῷ
687 1764 741 1845 γὰρ
757 1766 790 1824 ἂν
807 1811 814 1824 .
833 1785 858 1827 .·
874 1760 883 1848 ΙΙ
898 1767 941 1824 νύν
954 1761 985 1824 δέ
1001 1763 1134 1842 φοβοῦμαι
1150 1763 1211 1842 μέν,
1232 1765 1308 1838 ὅμως
1324 1762 1355 1822 δὲ
1371 1810 1378 1823 .
1396 1808 1403 1823 .
1420 1763 1469 1824 οὑκ
1485 1759 1556 1824 αἰπο-

363 1871 497 1950 τρέψομαι
508 1869 613 1950 λέγειν,
626 1892 682 1950 quo
695 1891 761 1931 oum
772 1874 835 1931 loeo
848 1873 994 1930 conferes:
1007 1873 1097 1930 Isoor.
1111 1890 1152 1929 or.
1161 1871 1239 1927 VIII
1253 1875 1291 1927 36
1304 1866 1464 1944 ἠβουλόμην
1477 1868 1502 1928 δ’
1512 1868 1555 1944 άν,

363 1976 454 2054 ὥσπερ
473 1975 610 2054 προσῆκόν
631 1973 701 2033 ἐστιν
718 2019 725 2034 .
743 2019 769 2052 .,
793 1969 796 2057 Ι
819 1974 889 2034 οὑτω
908 1974 1053 2054 πρόχειρον
1074 1967 1143 2032 εἶναι
1164 2020 1171 2034 .
1190 1991 1215 2033 .·
1236 1967 1245 2056 ΙΙ
1259 1975 1303 2031 νύν
1324 1971 1355 2032 δὲ
1375 1971 1496 2054 δέδοικα,
1517 1972 1555 2048 μή

365 2080 452 2155 μάτην
467 2078 502 2138 τὰ
515 2081 625 2138 τοιαῦτα
639 2079 771 2157 λέγωμεν
786 2086 817 2139 et
828 2082 887 2139 XV
902 2085 962 2139 114
978 2076 1139 2153 ἠβουλόμην
1155 2077 1180 2138 δ’
1189 2077 1232 2154 σίν,
1248 2079 1338 2155 ὥσπερ
1354 2121 1361 2135 .
1377 2123 1383 2137 .
1397 2073 1488 2158 ῥᾴδιον
1502 2079 1555 2155 γέ-

362 2202 453 2263 γονεν,
471 2179 475 2266 Ι
493 2183 577 2254 οὑτως
592 2174 648 2242 οἷον
665 2179 686 2241 τ’
697 2176 766 2242 είναι
783 2228 790 2241 .
808 2200 833 2241 .·
853 2177 856 2265 Ι
873 2180 944 2242 πολὺ
959 2181 1013 2261 γὰρ
1029 2184 1061 2241 ἂν
1075 2229 1081 2242 .
1097 2202 1121 2242 .·
1136 2176 1147 2265 ΙΙ
1161 2185 1206 2240 νὺν
1222 2181 1253 2241 δὲ
1268 2183 1352 2240 ταὺτα
1368 2181 1419 2257 μὲν
1436 2181 1508 2241 ἐάσω
1526 2227 1554 2242 ..

465 2289 567 2347 Tertia
581 2309 673 2366 eaque
688 2291 773 2364 longe
789 2289 983 2346 usi‘tatissima
993 2289 1088 2347 forma
1102 2290 1176 2347 haee
1192 2293 1250 2346 est:
1268 2309 1311 2365 pr.
1328 2292 1355 2359 1,
1371 2307 1384 2346 4
1400 2283 1423 2344 εἰ
1436 2288 1497 2364 μέν,
1513 2287 1554 2346 όσ’

361 2394 395 2450 ἂν
409 2389 448 2470 τῷ
463 2390 542 2470 λόγῳ
556 2411 597 2462 τις
611 2389 715 2472 ὑπερβῇ
732 2437 739 2452 .
754 2436 761 2450 .
778 2389 970 2473 ὑπερβήσεται,
989 2386 993 2474 Ι
1011 2389 1053 2450 δεῖ
1066 2391 1134 2470 πρὺς
1148 2388 1249 2465 ήδονὴν
1265 2389 1447 2469 δημηγορεῖν·
1464 2386 1472 2474 ΙΙ
1488 2388 1512 2449 εἰ
1528 2389 1553 2448 δ’

361 2497 379 2573 ή
398 2494 452 2554 τῶν
472 2495 566 2573 λόγων
585 2497 676 2575 χάρις,
698 2492 763 2578 άνῇ
781 2543 787 2557 .
807 2541 831 2575 .,
846 2495 919 2576 ἔργῳ
935 2493 1019 2571 ζημία
1034 2494 1165 2576 γίγνεται,
1184 2491 1187 2578 Ι
1205 2493 1318 2575 αἰσχρόν
1335 2494 1390 2553 ἐστι
1407 2543 1413 2555 .
1432 2493 1491 2577 .‚¹)
1508 2518 1553 2575 pr.

364 2607 412 2673 10,
430 2621 441 2659 ι
458 2598 491 2659 Εἰ
506 2599 557 2675 μέν
574 2596 707 2678 ἐγνώκατ’
722 2646 728 2658 .
743 2646 768 2679 .,
786 2596 789 2684 Ι
808 2601 957 2681 ἁμάρτημα
971 2601 1002 2659 τό
1017 2598 1212 2675 συμβουλεύειν
1224 2600 1389 2679 προτιθέναι·
1408 2595 1412 2682 Ι
1428 2599 1530 2679 άγὰρ.
1546 2648 1552 2660 .

359 2701 385 2762 τί
400 2703 441 2762 δεῖ
454 2749 461 2765 .
477 2750 483 2763 .
499 2703 689 2784 ἐνοχλεῖσθαη
705 2700 714 2788 ΙΙ
730 2701 752 2763 εἰ
770 2703 801 2763 δέ
817 2707 942 2765 σκοπεῖτε
957 2702 1004 2764 καὶ
1020 2703 1180 2778 βουλεύεσθ’
1190 2705 1228 2776 ὡς
1241 2751 1247 2764 .
1262 2749 1288 2782 .,
1305 2700 1309 2787 Ι
1327 2705 1376 2763 οὑκ
1391 2702 1478 2784 ὀρθῶς
1494 2704 1553 2781 έχει

359 2809 389 2867 τό
406 2853 453 2888 ..,
469 2831 513 2887 pr.
533 2816 581 2882 14,
599 2830 612 2870 ι
627 2806 651 2868 εί
668 2809 718 2884 μὲν
734 2806 819 2868 τοίνυν
836 2809 941 2886 μηδένα
956 2810 1049 2888 καιρὺν
1066 2807 1148 2868 οἴεσθ’
1157 2805 1243 2887 ἥξειν,
1259 2809 1289 2880 ὃς
1302 2856 1309 2870 .
1324 2854 1329 2867 .
1347 2804 1488 2886 ἀφίξεται.
1503 2855 1528 2885 .,
1548 2805 1552 2892 Ι

357 2912 454 2984 καλῶς
471 2915 502 2971 ἂν
519 2913 579 2990 έχοι
593 2960 599 2973 .
614 2909 662 2996 .·ΙΙ
675 2910 696 2972 εἰ
714 2913 745 2974 δέ
760 2913 794 2973 τύ
807 2914 948 2994 πράγμαθ’
958 2915 1059 2994 δρᾶτε.
1075 2959 1100 2993 .,
1114 2910 1118 2997 Ι
1133 2913 1174 2972 δεῖ
1189 2914 1347 2972 σκοπεῖσθαι
1363 2914 1437 2985 ὅπως
1452 2913 1490 2987 μὴ
1505 2960 1511 2973 .
1527 2958 1552 2990 .,

357 3038 401 3095 pr.
420 3023 469 3090 32,
486 3039 498 3078 2
514 3040 555 3097 sq.
578 3015 601 3076 εἰ
622 3017 673 3093 μὲν
693 3017 747 3098 γὰρ
767 3017 907 3096 ἀγνοοῦσιν
928 3019 968 3077 ότι
984 3064 991 3076 .
1009 3063 1035 3098 .,
1053 3013 1057 3102 Ι
1074 3017 1107 3076 τὰ
1123 3023 1175 3077 τῶν
1191 3017 1284 3097 λόγων
1300 3019 1393 3077 σίστεῖα
1410 3063 1416 3076 .
1435 3063 1441 3076 .
1458 3019 1552 3076 κεκώ-

357 3120 440 3180 λυκεν
453 3122 562 3191 αὑτούς·
578 3117 587 3204 ΙΙ
599 3119 623 3179 εἰ
636 3120 666 3180 δέ
678 3126 762 3181 ταῦτα
774 3121 824 3198 μὲν
837 3120 944 3199 μηδ’ᾶν
956 3124 1068 3202 φήσαιεν
1080 3122 1199 3203 ἀγνοεῖν,
1212 3123 1344 3203 πρόφασις
1357 3121 1382 3181 δ’
1392 3121 1468 3198 άλλη
1482 3166 1489 3182 .
1505 3141 1530 3182 .·
1545 3123 1549 3211 Ι

355 3230 415 3298 πῶς
430 3227 460 3285 οὑ
474 3225 529 3306 χρὴ
548 3225 655 3306 φαύλην
671 3227 767 3302 ταύτην
780 3227 1004 3302 ὑπολαμβάνειν.
1020 3275 1045 3309 .,
1060 3251 1104 3306 pr.
1120 3234 1169 3300 38,
1186 3225 1234 3288 νεῖ
1247 3227 1297 3302 μέν
1310 3225 1355 3287 οὑν
1368 3225 1400 3285 ἐκ
1411 3231 1456 3286 τοὺ
1469 3226 1507 3302 μὴ
1521 3272 1527 3285 .
1542 3273 1549 3285 .

357 3327 436 3400 ἐλπὶς
449 3376 455 3389 .
470 3376 495 3410 .,
514 3326 517 3414 Ι
534 3333 611 3390 τοῦτο
626 3331 681 3411 χρὴ
697 3333 836 3410 πράττειν·
853 3327 862 3415 ΙΙ
877 3329 901 3389 εί
917 3330 949 3390 δέ
960 3330 1045 3411 χείρω
1063 3331 1113 3406 μὲν
1130 3333 1244 3410 ἅπαντα,
1262 3331 1371 3408 βέλτιον
1387 3330 1412 3390 δ’
1422 3329 1500 3390 οὑδὲν
1519 3330 1551 3390 ἐκ

354 3434 447 3494 τούτου
467 3437 627 3512 γενήσεται·
647 3431 650 3519 Ι
667 3434 693 3496 τί
712 3434 777 3495 δεῖ.
795 3481 823 3513 .,
847 3457 890 3514 pr.
909 3441 959 3509 56,
981 3458 993 3496 τ
1014 3434 1080 3495 ἀλλ’
1091 3433 1114 3495 εἰ
1135 3435 1185 3511 μὲν
1201 3437 1330 3516 βημάτων
1344 3437 1421 3512 ἥκετ’
1432 3435 1549 3495 ἀκουσό-

355 3559 442 3617 μενοι,
461 3535 465 3622 Ι
482 3543 565 3598 ταῦτα
578 3588 585 3603 .
600 3585 608 3601 .
620 3541 690 3619 χρή·
706 3535 716 3623 ΙΙ
729 3537 751 3598 εί
764 3537 789 3598 δ’
799 3539 865 3619 ὑπὲρ
878 3584 886 3599 .
901 3587 907 3600 .
921 3538 1141 3620 βουλευσόμενοι,
1156 3536 1160 3624 Ι
1174 3538 1241 3598 αὑτὰ
1256 3541 1318 3601 καθ’
1328 3539 1410 3599 ἑαυτὰ
1424 3545 1548 3620 παραινῶ

356 3690 362 3702 .
378 3690 403 3723 .,
416 3666 460 3723 pr.
470 3650 521 3718 46,
534 3665 547 3704 ι
559 3641 583 3702 εἰ
596 3644 646 3720 μὲν
661 3639 706 3702 οὑν
718 3644 816 3720 ταύτης
827 3649 876 3720 της
889 3643 1014 3720 εὑηθείας
1026 3643 1104 3721 δίκην
1116 3644 1187 3720 ὑμαῖς
1200 3643 1363 3723 δεῖδιδὺναι,
1375 3645 1493 3722 λόγους.
1508 3691 1513 3702 .
1524 3691 1531 3723 ,
1543 3640 1546 3728 Ι

353 3748 465 3806 τοῦτ’θν
481 3745 538 3824 εἴη·
560 3742 569 3831 ΙΙ
585 3745 607 3807 εί
630 3747 653 3807 δ’
663 3747 730 3828 ὑπὲρ
751 3753 804 3808 τῶν
820 3747 933 3823 ἀληθῶν
951 3793 958 3810 .
977 3795 983 3809 .
1000 3748 1106 3829 ῥητέον,
1125 3744 1128 3833 Ι
1147 3748 1189 3808 ἐπὶ
1203 3749 1273 3809 τοῦτ’
1284 3748 1340 3827 ἐγὼ
1355 3748 1546 3828 παρελήλυθα,

353 3851 483 3910 πιστεύων
499 3851 548 3910 οὑκ
564 3896 570 3909 .
587 3901 594 3916 .
612 3851 688 3911 ἀλλὰ
706 3897 712 3910 .
731 3898 756 3930 .,
773 3875 816 3930 pr.
834 3859 884 3926 44,
902 3873 914 3913 ε
931 3850 954 3910 εί
970 3853 1020 3928 μὲν
1036 3847 1081 3912 οὑν
1097 3851 1220 3928 οἰήσεσθε
1236 3853 1292 3914 δεῖν
1308 3897 1316 3912 .
1330 3898 1355 3933 .,
1373 3850 1376 3937 Ι
1397 3855 1445 3913 οὑκ
1460 3853 1547 3933 ὀρθῶς

354 3957 494 4029 ποιήσετε
510 3951 519 4039 ΙΙ
535 3958 566 4015 ἂν
583 3955 608 4014 δ’
617 3955 640 4032 ²)
657 3957 792 4033 ἀκούσητε
808 3961 895 4039 σιωπῇ
912 4005 918 4017 .
936 4003 961 4037 .,
980 3955 983 4041 Ι
1002 3957 1074 4017 δυοῖν
1093 3957 1206 4034 ἀγαθοῖν
1222 3959 1333 4038 θάτερον
1349 3959 1410 4034 ὑμῖν
1425 3954 1545 4037 ὑπάρξει.

352 4053 444 4140 ήγάρ
466 4106 472 4119 .
492 4108 498 4120 .
519 4063 536 4136 ή
554 4108 560 4120 .
579 4107 604 4142 .,
625 4084 669 4140 pr.
688 4069 738 4135 28,
759 4084 772 4122 ι
792 4065 824 4120 άν
845 4061 894 4138 μέν
915 4058 960 4121 οὑν
980 4062 1046 4137 μηδ’
1059 4062 1337 4137 ὑπομείνητόἰκούσαι
1358 4109 1364 4121 .
1383 4107 1409 4140 .,
1432 4060 1435 4143 Ι
1458 4063 1488 4122 οὑ
1507 4061 1545 4140 τῷ

353 4161 548 4238 δοκιμάζοντες
564 4163 733 4245 διαμαρτεῖν,
750 4163 899 4243 ἀλλὰτῷ.
914 4167 1118 4246 ,προαιρεῖσθαι
1135 4162 1242 4238 δόξετε·
1258 4162 1267 4250 ΙΙ
1283 4166 1330 4224 ἐὰν
1347 4165 1524 4244 δ’άκούσητε,
1539 4163 1542 4249 Ι

350 4367 377 4418 δέ
397 4409 402 4421 .
422 4409 429 4421 .
448 4368 550 4439 δύναμιν
569 4367 622 4422 ούτε
641 4370 814 4422 κατεσκεύασθ’
823 4369 877 4423 ούτε
896 4369 1109 4436 κατασκευάζεσθε,
1128 4369 1186 4423 ἀλλ’
1205 4412 1210 4423 .
1230 4413 1236 4423 .
1256 4369 1269 4422 ὑ
1288 4371 1449 4437 Μυτιληναῖος
1468 4373 1543 4439 δήμσς

350 4455 513 4509 καταλέλυται
534 4495 565 4509 ,.

454 4546 473 4613 ¹)
492 4546 553 4596 Hoc
571 4547 744 4612 enthymema
762 4548 829 4598 scito
848 4547 932 4598 isdem
950 4548 1039 4599 verbis
1057 4548 1111 4613 legi
1131 4565 1166 4599 or.
1186 4549 1240 4598 IIII
1259 4551 1300 4600 38.

453 4632 473 4696 2Ι
494 4631 521 4682 ἂν
540 4632 564 4682 δ’
576 4636 692 4700 posItum
711 4651 757 4701 pro
778 4637 876 4686 usItato
896 4633 916 4684 εἰ
935 4633 972 4692 θ’;
992 4636 1024 4685 of.
1043 4637 1123 4685 Ieocr.
1143 4635 1193 4686 XV
1208 4639 1257 4686 130
1275 4634 1296 4686 εί
1309 4633 1351 4705 μέν
1364 4632 1432 4704 ὑμεῖς
1446 4673 1451 4686 .
1467 4674 1471 4684 .
1486 4635 1540 4684 σκέ-

348 4715 421 4784 Ιεσθε
443 4718 498 4786 περὶ
520 4718 622 4783 τούτων,
642 4719 646 4790 Ι
668 4717 710 4770 ούκ
735 4719 797 4772 έστιν
820 4717 885 4780 ὑπως
911 4720 938 4771 ού
958 4762 963 4772 .
985 4761 990 4772 .
1009 4719 1072 4780 δόξει
1093 4761 1098 4772 .
1120 4739 1138 4771 .·
1158 4721 1166 4790 ΙΙ
1183 4723 1212 4786 ήν
1237 4722 1261 4772 δ’
1272 4721 1449 4792 ἀναλογίσησθε
1469 4763 1474 4774 .
1495 4763 1514 4790 .,
1534 4720 1538 4791 Ι

348 4802 416 4855 οὐδέν
435 4805 527 4856 τούτων
546 4845 552 4858 .
572 4844 578 4857 .
597 4804 749 4876 εὑρεθήσεται
768 4808 932 4878 γεγενημένον,
951 4807 1016 4859 ἀλλὰ
1037 4848 1043 4860 .
1064 4848 1070 4860 .
