3530 5536
718 488 934 541 ...37-

218 671 311 746 τυχδν
327 670 378 744 μὲν
393 669 458 741 ἰ’σως
474 672 524 729 κάν
541 670 772 747 μετοπεισθείητε,
790 671 804 728 δ
822 718 829 730 .
847 716 872 748 .,
888 694 932 750 pr.
952 678 1000 744 19,
1018 693 1030 731 ι
1046 670 1069 730 εί
1086 671 1135 746 μὲν
1152 667 1197 730 οὖν
1213 672 1290 748 Ιῖμεῖς
1305 673 1421 748 ὑπομεί-

217 774 296 834 ναιτ’
305 774 496 834 ἀκοῦσαιταῦτ’
506 775 645 854 ἀμφότερα
657 773 701 833 διὰ
709 773 847 855 βραχέων,
862 770 865 858 1
879 772 979 852 πολλῷ
992 774 1101 850 βέλτιον
1114 778 1146 834 ἀν
1156 822 1162 836 .
1174 825 1181 839 .
1192 776 1400 852 βουλεύσαισθε·
1416 773 1419 861 1

218 875 245 936 εἰ
265 876 301 937 δέ
318 927 325 941 .
344 926 351 939 .
367 878 540 958 ἀποοταίητε,
559 875 562 963 1
579 879 679 958 γένοιτ’
688 882 721 938 ἀν
745 876 807 954 ἐμοὶ
826 879 992 959 μηδετέρους
1012 879 1145 940 ἀδικοῦντι
1166 882 1234 958 πρός
1255 881 1421 962 ἀμφοτέρους

219 981 438 1061 διαβεβλῆσθαι,
455 1007 500 1062 pr.
516 990 542 1057 7,
556 1005 583 1044 a:
600 1007 647 1044 ex.
661 1004 702 1044 or.
715 988 825 1044 XIIII.
839 981 863 1042 εἰ
879 985 930 1058 μὲν
945 985 1028 1059 ἡμεῖς
1045 985 1161 1057 ἅπαντες
1177 985 1201 1044 οἱ
1217 986 1349 1063 λέγοντες
1361 985 1420 1045 δει-

218 1084 265 1146 νοὶ
284 1086 441 1167 φανείημεν,
459 1084 463 1171 1
480 1087 558 1147 οὐδὲν
579 1090 611 1146 ἀν
626 1087 660 1146 τά
679 1087 788 1167 ὑμέτερ’
799 1085 828 1146 εὖ
849 1082 950 1148 οἷδ’ότι
970 1089 1079 1163 βέλτιον
1095 1088 1193 1166 σχοίη·
1209 1085 1217 1173 11
1234 1087 1256 1148 εἰ
1273 1090 1304 1150 δὲ
1323 1138 1329 1150 .
1347 1137 1354 1149 .
1370 1090 1419 1148 όσ-

217 1195 315 1251 τισοῦν
331 1191 436 1251 δόναιτο
452 1189 559 1264 διδάξαι
573 1189 620 1251 καὶ
636 1193 725 1250 πεῖσα·Ι
742 1237 749 1252 .
767 1237 790 1271 .,
809 1188 813 1276 1
829 1197 884 1264 τοῖς
899 1194 913 1252 ό
928 1192 1022 1271 παρὼν
1038 1193 1152 1252 λέλυται
1167 1195 1260 1272 φόβος.

331 1300 379 1356 Ex
394 1299 560 1357 orationum
571 1298 806 1376 Philippicarum
817 1300 1026 1358 Demosthenis
1042 1301 1174 1360 exordiis
1189 1302 1320 1360 conferas
1332 1304 1419 1359 haec:

220 1423 270 1460 or.
283 1404 324 1460 VI
337 1408 355 1461 4
369 1424 411 1481 sq.
425 1399 448 1460 εἰ
462 1400 513 1476 μέν
526 1398 684 1474 clausistis
697 1402 791 1478 λέγειν
806 1400 950 1480 δικαιότερ’
959 1402 1019 1477 ὑμῖν
1034 1399 1153 1482 ἐξαρκεῖ,
1167 1398 1172 1486 1
1187 1400 1279 1484 ῥᾴδιον
1291 1400 1337 1463 καί
1350 1449 1357 1464 .
1374 1422 1399 1464 .·
1412 1397 1420 1487 11

221 1503 248 1563 εἰ
268 1503 293 1562 δ’
302 1505 375 1576 ὅπως
394 1507 427 1564 τὰ
447 1506 557 1584 παρόντ’
567 1505 821 1584 ἐπανορθωθήσεται
841 1505 884 1565 δεῖ
903 1509 1011 1565 σκοπεῖν
1028 1552 1036 1567 .
1053 1552 1079 1584 .,
1098 1501 1102 1590 1
1120 1507 1171 1584 οὺχ
1193 1509 1208 1565 ό
1228 1509 1307 1580 αθτδς
1323 1509 1420 1586 τρόπος

221 1610 311 1688 ὅσπερ
330 1610 459 1689 πρότερον
478 1613 524 1668 τοῦ
544 1608 732 1688 βουλεύεσθαι,
753 1608 831 1669 ἀλλά
848 1654 855 1670 .
872 1655 899 1689 .,
916 1632 958 1670 or.
976 1614 1071 1670 VIIII
1087 1617 1106 1670 4
1131 1608 1154 1670 εἰ
1175 1611 1225 1686 μὲν
1248 1607 1357 1671 οὖνκαὶ
1376 1615 1419 1671 νῦν

222 1715 298 1774 eliso)
318 1711 465 1794 διάκεισθε,
483 1710 486 1798 1
505 1715 553 1773 οὐκ
573 1714 632 1791 έχω
651 1713 677 1773 τί
690 1713 786 1791 λέγω·
801 1710 810 1797 11
826 1713 850 1773 εί
865 1715 917 1774 δὀῖ
933 1716 1060 1795 συμφέρει
1077 1763 1083 1775 .
1101 1762 1108 1774 .
1126 1716 1268 1790 ἐθελήσετ’
1279 1717 1396 1794 ἀκοθειν,
1414 1712 1418 1801 1

223 1819 337 1893 ἕτοιμος
358 1818 461 1897 λέγειν.
471 1814 494 1900 ¹)
518 1841 534 1878 e
557 1819 664 1878 mediis
687 1821 868 1879 orationibus
891 1823 965 1880 haec
986 1822 1076 1880 liceat
1097 1841 1261 1899 proponere
1285 1826 1420 1901 exempla

222 1928 307 1984 nullo
323 1925 441 2001 negotio
458 1926 604 2004 quaesita:
626 1944 668 1984 or.
685 1927 780 1983 VIIII
797 1931 815 1984 8
838 1921 861 1982 εἰ
877 1923 928 1998 μὲν
945 1919 989 1982 οὖν
1006 1921 1110 1996 ἔξεστιν
1126 1922 1235 2004 εἰρήνην
1252 1926 1328 2003 ἄγειν
1346 1973 1353 1986 .
1371 1971 1396 2004 .,
1414 1920 1418 2008 1

223 2029 294 2106 φήμ’
306 2027 390 2106 ἔγωγ’
400 2027 475 2107 οἴγειν
491 2028 566 2101 ἡμᾶς
578 2026 643 2105 δεῖν,
656 2025 703 2086 καὶ
717 2074 724 2088 .
739 2045 762 2088 .·
779 2023 788 2111 11
801 2026 823 2086 εἰ
840 2028 865 2087 δ’
876 2029 967 2107 ἕτερος
982 2027 1015 2088 τάι
1028 2027 1121 2089 όπλα.
1137 2075 1144 2088 .
1159 2029 1232 2106 ἔχων
1246 2076 1252 2088 .
1268 2075 1273 2087 .
1285 2034 1398 2110 χρῆται·
1414 2024 1417 2112 1

222 2133 249 2191 τί
266 2134 362 2193 λοιπόν
379 2132 452 2192 ἀλλο
470 2132 545 2207 πλὴν
569 2132 728 2212 ἀμύνεσθαι,
758 2137 836 2194 VIII
856 2141 895 2194 49
918 2135 948 2193 σὺ
968 2134 1022 2208 μἠν
1043 2133 1110 2193 ἀλλ’
1127 2133 1154 2192 εί
1170 2155 1210 2205 τις
1230 2135 1320 2205 άλλος
1339 2133 1419 2212 λέγει

223 2235 273 2296 καὶ
288 2237 358 2312 ὑμᾶς
372 2236 468 2316 πείθει,
487 2234 491 2321 1
509 2238 589 2317 ἔστω,
610 2238 648 2312 μὴ
665 2237 810 2318 ἀμύνεσθε,
827 2239 933 2297 ἅπαντα
948 2240 1082 2318 πρόεσθε·
1099 2234 1107 2322 11
1123 2236 1146 2298 εἰ
1171 2238 1202 2297 δὲ
1225 2237 1320 2315 μηδενί
1343 2243 1419 2299 τοῦτο

225 2344 297 2417 μήτε
310 2340 395 2422 δοκεῖ,
407 2342 559 2402 τοὺναντίον
570 2363 601 2401 τε
615 2390 620 2404 .
636 2390 643 2402 .
655 2362 661 2375 ·
673 2338 676 2426 1
686 2345 733 2402 ποῖ
744 2342 932 2422 ἀναδυόμεθα,
946 2388 953 2403 .
968 2341 1008 2425 st)
1022 2366 1079 2403 non
1089 2347 1169 2404 nulla
1180 2346 1271 2403 etiam
1283 2348 1419 2422 exempla

225 2452 362 2510 Gebauer
377 2450 529 2528 proposuit
549 2449 580 2507 in
597 2449 797 2526 disputatione
813 2451 850 2507 de
864 2451 968 2529 hypot.
986 2455 1017 2508 ot
1031 2455 1171 2526 paralact.
1189 2470 1250 2524 arg.
1267 2471 1306 2508 ex
1326 2456 1417 2509 contr.

226 2557 312 2613 form.
328 2577 356 2631 p.
375 2560 436 2613 363
458 2575 520 2632 sqq.
539 2549 583 2635 (in
600 2555 667 2612 adn.
686 2559 725 2612 60
742 2556 823 2630 adp.
842 2549 930 2634 155),
954 2554 1005 2612 ubi
1026 2575 1057 2612 sc
1077 2554 1198 2613 uberius
1218 2555 1255 2612 dc
1270 2554 1318 2612 his
1333 2575 1418 2630 argu·

224 2660 378 2718 montandi
398 2660 501 2717 formis
521 2658 594 2716 olias
610 2659 829 2734 disputaturum
845 2679 908 2716 esse
928 2659 1086 2734 promittit.
1105 2660 1142 2717 cf.
1159 2663 1311 2735 praetcrea
1326 2661 1417 2718 Isocr.

225 2785 268 2822 or.
285 2766 311 2820 V
329 2769 382 2835 76;
400 2766 443 2823 VI
459 2768 508 2835 25,
527 2768 581 2834 403
598 2764 657 2821 XV
675 2767 703 2833 8,
723 2768 772 2834 17,
792 2765 851 2821 175
869 2764 936 2820 alia.

329 2869 412 2926 Talia
427 2869 521 2944 igitur
536 2870 759 2946 cnthymemata
770 2874 804 2926 ut
815 2888 832 2925 a
844 2869 1043 2926 Demosthene
1055 2868 1087 2924 in
1099 2868 1231 2926 exordiis
1243 2867 1418 2939 orationum,

224 2973 269 3032 ita
284 2973 375 3031 ctiam
390 2975 426 3031 ab
442 2992 486 3044 eo,
508 2973 559 3051 qui
579 2973 730 3049 prooemia
745 2972 918 3048 composuit,
940 2972 1025 3033 vides
1040 2971 1133 3030 amari
1149 2992 1246 3050 nequo
1262 2972 1304 3044 id,
1324 2978 1359 3031 ut
1373 2972 1419 3032 vi-

224 3078 321 3150 detur,
338 3078 401 3136 sine
417 3097 516 3149 causa;
533 3076 686 3153 aptissima
701 3076 781 3134 enim
798 3083 882 3134 crant
897 3078 933 3134 ad
951 3096 1052 3134 eorum
1068 3077 1119 3154 qui
1135 3078 1296 3135 audiebant
1307 3077 1419 3135 animos

224 3183 459 3243 commovendos.
476 3184 526 3240 sed
541 3183 615 3240 haec
630 3182 782 3239 hactenus.
799 3181 953 3241 videamus
969 3187 1077 3239 cetera.

328 3287 395 3344 Non
411 3287 511 3363 inepto
527 3292 627 3344 autem
641 3292 713 3362 puto
728 3306 792 3343 rom
808 3305 928 3360 egemus
942 3285 994 3357 ita,
1015 3290 1049 3342 ut
1064 3285 1232 3362 priusquam
1251 3284 1419 3361 compositi-

225 3391 299 3462 onis,
324 3411 398 3468 quac
418 3391 551 3449 cernitur
574 3391 604 3447 in
626 3389 794 3467 prooemiia
819 3389 966 3448 rationem
989 3390 1195 3465 explicandam
1216 3390 1417 3466 suscipiamus,

224 3513 317 3571 pauca
331 3515 525 3571 proponamus
549 3496 585 3551 dc
601 3499 748 3552 structura
760 3494 958 3570 periodorum,
976 3514 1050 3572 quae
1061 3494 1093 3550 in
1106 3494 1238 3551 exordiis
1249 3494 1420 3552 contionum

225 3599 419 3658 Demostheni
442 3600 506 3657 iure
530 3599 743 3675 adscriptorum
766 3599 956 3675 conspicitur.
965 3596 988 3672 ³)
1004 3604 1038 3656 ut
1062 3598 1155 3672 igitur
1176 3598 1247 3656 hinc
1271 3599 1418 3668 exordiar,

225 3704 334 3761 mirum
353 3703 384 3760 in
400 3706 519 3761 modum
543 3704 669 3780 simplex
684 3708 824 3780 rect-aquo
840 3703 1033 3778 componendi
1049 3703 1124 3760 ratio
1141 3702 1295 3761 invenitur
1309 3703 1340 3759 in
1356 3722 1419 3760 ora·

330 3892 349 3956 ¹)
368 3892 493 3942 Adferam
510 3898 650 3957 praeterea
668 3889 717 3959 [or.
736 3889 815 3958 XIII]
835 3893 850 3939 2
874 3887 894 3938 εἰ
914 3888 956 3957 μὲν
975 3883 1016 3938 οὖν
1041 3886 1100 3956 μετὰ
1118 3894 1160 3939 τοῦ
1179 3888 1290 3955 πράττειν
1310 3885 1325 3938 ἃ
1342 3906 1418 3956 προσ-

223 3977 276 4041 ήκει
299 3976 338 4026 καὶ
361 3975 388 4027 τὸ
412 3975 544 4044 λαμβάνειν
567 3976 791 4040 κατασκευάσεσθε,
808 3979 812 4043 1
828 3973 855 4026 οὖ
880 3975 951 4044 μόνον
979 3974 1006 4026 οὗ
1026 3973 1138 4044 βλάψετε,
1162 3973 1226 4026 ἀλλὰ
1245 3975 1284 4026 καὶ
1304 4017 1309 4028 .
1330 3991 1353 4026 .·
1371 3973 1380 4044 11
1399 3973 1418 4024 εἰ

224 4061 250 4113 δέ
268 4066 310 4114 τοῦ
330 4061 372 4132 μὲν
390 4060 521 4132 λαμβάνειν
545 4062 584 4113 zai
603 4061 673 4131 ἑορτὴ
697 4063 737 4112 καὶ
759 4062 818 4113 πᾶσ’
831 4060 927 4131 ἀρκέσει
946 4060 1073 4130 πρόφασις,
1093 4064 1134 4112 τοῦ
1154 4062 1177 4112 δ’
1197 4104 1203 4115 .
1223 4059 1355 4130 .,1όρᾶτε
1375 4063 1418 4130 μή·

223 4149 277 4200 ποθ’
296 4189 303 4202 .
323 4191 328 4202 .
347 4150 510 4219 ἡμαρτηκέναι
529 4151 650 4218 νομίσητε.

327 4239 348 4302 2)
368 4239 445 4301 Quod
463 4244 615 4289 mutuatum
634 4253 692 4288 osse
712 4243 818 4288 constat
836 4240 991 4305 scriptorem
1012 4238 1139 4287 crettonis
1158 4239 1190 4287 X.
1209 4240 1224 4299 ξ
1242 4239 1283 4286 26.

328 4325 348 4391 ³)
368 4325 442 4374 Nihil
466 4328 530 4375 novi
553 4340 596 4374 me
618 4340 705 4391 paene
731 4327 760 4374 in
784 4327 940 4374 universum
958 4325 1062 4374 adferre
1081 4324 1131 4374 hac
1156 4325 1230 4374 inre
1249 4323 1417 4388 explicanda,

224 4415 323 4479 quippe
342 4429 402 4462 cum
421 4413 594 4479 iampridem
613 4418 744 4478 occupata
761 4413 818 4462 fore
837 4414 927 4462 omnia
946 4414 999 4461 sint
1017 4412 1051 4462 ab
1066 4411 1134 4477 aliis,
1154 4412 1236 4476 probe
1249 4413 1311 4460 scio.
1332 4411 1417 4461 nihilo

224 4501 313 4550 minus
331 4505 421 4550 tamen
439 4499 508 4550 haec
525 4515 675 4566 proponere
694 4500 825 4550 malebam
845 4513 925 4564 quam
944 4498 1096 4564 neglegere,
1115 4500 1138 4547 si
1153 4499 1260 4562 quidem
1273 4499 1350 4547 orbes
1362 4514 1418 4548 ora-

223 4589 304 4638 tionis
322 4589 351 4638 in
369 4588 512 4653 prooemiis
531 4588 603 4636 obvii
621 4587 655 4636 ad
674 4591 774 4637 certam
792 4589 857 4637 artis
875 4601 996 4636 normam
1015 4585 1148 4650 dirigendi
1167 4590 1252 4635 erant.
1272 4585 1305 4635 cf.
1324 4586 1352 4634 in
1365 4587 1418 4650 pri-

224 4677 274 4725 mis
286 4677 411 4726 eximiam
423 4675 453 4725 L.
468 4675 575 4724 Disseni
587 4674 620 4724 de
637 4679 771 4724 structura
784 4674 952 4739 periodorum
966 4673 1083 4723 oratoria
1095 4672 1318 4734 dissertationem,
1337 4688 1418 4738 quam

222 4745 360 4828 praemisit
379 4763 492 4812 editioni
510 4776 574 4811 suae
593 4763 721 4810 orationis
740 4761 773 4810 de
792 4776 898 4810 corona.
