3530 5536
856 504 1072 558 ...44-

370 689 449 767 poni,
470 695 505 748 ut
524 689 594 748 inde
612 710 713 748 rursus
733 709 808 750 nova
823 695 973 767 tamquam
988 690 1127 767 periodus
1142 691 1308 768 dependeat
1323 689 1494 767 primariam
1509 711 1560 748 ex-

365 795 491 871 'planans
505 800 557 852 aut
572 794 754 852 confirmans.
771 794 858 852 etsie
873 795 994 872 quidem
1009 795 1196 871 potissimum
1210 796 1390 854 adhibentur
1403 793 1562 872 participia

370 901 529 960 verborum
543 896 710 976 λογίζεσθαι,
727 895 907 972 ἐνθυμεῖσθαι,
924 896 1037 958 δεῖσθαι.
1053 899 1155 977 itaque
1170 899 1309 974 legimus:
1327 919 1369 976 pr.
1389 903 1463 969 39,1
1479 895 1521 954 δεῖ
1536 895 1561 955 δ’

370 1001 440 1076 ὑμᾶς
456 1000 542 1077 μηδὲν
559 1001 797 1077 ἐκπεπληγμένως
809 999 969 1081 διακεῖσθαι,
985 1000 1181 1078 λογιζομένους
1193 997 1202 1084 ll
1214 1003 1253 1062 ὅτι
1265 1002 1332 1082 πρὸς
1344 1001 1395 1076 μὲν
1406 1000 1440 1060 τὰ
1450 999 1560 1080 παρόντ’

370 1105 479 1180 ἀθῦμως
496 1105 568 1183 ἔχειν
584 1103 644 1164 οὔτε
659 1107 715 1176 τοῖς
729 1107 872 1185 πράγμασι
891 1106 1023 1186 συμφέρον
1040 1104 1095 1164 οὔθ’
1104 1105 1178 1181 ὑμῶν
1199 1103 1275 1178 άξιέν
1291 1105 1357 1186 ἐστι,
1374 1101 1379 1190 Ι
1394 1106 1426 1165 τὀ
1441 1105 1473 1164 δέ
1487 1105 1561 1165 ταῦτ’

370 1209 532 1289 ἐπανορθοῦν
552 1208 647 1277 αῦτοῦς
666 1209 792 1287 ἡγεῖσθαι
810 1214 946 1288 προσῆκον
965 1207 1013 1269 καὶ
1032 1214 1082 1284 τῆς
1102 1210 1236 1289 ὑμετέρας
1256 1206 1340 1285 δόξης
1360 1206 1435 1282 ἄξιον
1454 1213 1487 1268 ἂν
1507 1230 1561 1288 φα-

368 1312 439 1391 νείη,
454 1336 498 1392 pr.
513 1319 563 1386 25,
576 1316 643 1373 ννῦν
659 1313 684 1372 δ’
692 1313 804 1373 ἀνιοῦετε
820 1313 871 1388 μὲν
884 1358 892 1373 .
910 1359 928 1393 .,
945 1311 1065 1372 αἰτιᾶσθε
1081 1312 1112 1374 δὲ
1126 1361 1133 1374 .
1147 1360 1168 1392 .,
1179 1317 1212 1373 δν
1228 1314 1267 1392 μὴ
1281 1362 1288 1375 .
1302 1359 1328 1393 .,
1345 1313 1375 1372 οῦ
1386 1314 1561 1393 λογιζόμενοι

370 1418 451 1492 τοῦθ’,
463 1412 472 1500 ll
484 1418 523 1476 ὅτι
534 1421 580 1477 τοῦ
593 1416 643 1493 μἐν
655 1419 769 1494 ζητῆσαι
782 1415 830 1477 καὶ
844 1417 1007 1498 λογίσασθαι
1017 1418 1052 1478 τὰ
1067 1418 1198 1497 βέλτισθ’,
1214 1421 1253 1490 ὡς
1268 1420 1418 1500 ἅνθρωπος,
1433 1417 1480 1478 καὶ
1494 1419 1562 1499 πρὸς

369 1523 441 1596 ὑμᾶς
456 1519 541 1580 εἰπεῖν
556 1521 636 1594 αθτδς
648 1523 762 1594 ἕκαστός
779 1522 833 1582 ἐστι
844 1523 944 1603 αῦριος,
957 1519 962 1606 l
975 1527 1021 1583 τοῦ
1033 1521 1064 1582 δέ
1074 1524 1230 1603 πραχθῆναι
1239 1527 1323 1583 ταῦτα
1333 1522 1380 1582 ναὶ
1391 1525 1561 1601 συνενεγκεῖν

371 1624 399 1684 ἐν
414 1631 447 1708 τῇ
462 1627 531 1709 τύχῃ
547 1627 577 1686 πθ
592 1626 719 1686 πλεῖστον
735 1628 818 1706 μέρος
833 1625 965 1707 γίγνεται.
982 1630 1052 1689 vide
1065 1631 1155 1688 etiam
1172 1651 1216 1707 pr.
1230 1636 1259 1702 9,
1275 1651 1297 1689 ι.
1315 1663 1356 1672 -
1370 1651 1414 1707 pr.
1428 1634 1503 1701 26‚1
1520 1626 1562 1686 δεῖ

371 1731 462 1805 μέντοι
479 1779 485 1792 .
503 1781 510 1793 ,
528 1730 635 1790 ἐθέλειν
651 1731 757 1790 ἀνιοῦειν
772 1736 826 1790 τιῦν
841 1731 1079 1807 συμβουλευὲντων
1097 1777 1126 1793 ..
1145 1732 1358 1808 ἐνθυμουμένους
1372 1726 1381 1815 ll
1396 1732 1434 1790 ὅτι
1450 1728 1561 1810 αἰσχράν

371 1835 450 1915 ἐστιν,
466 1831 489 1895 ὧ
504 1831 532 1896 α’.
550 1835 606 1914 Ἀ.,
621 1840 666 1896 νῦν
683 1836 775 1911 μὲν..
789 1836 922 1916 θορυβεῖν,
937 1832 1063 1920 (ὕστερον
1076 1835 1107 1896 δέ
1120 1883 1127 1899 .
1142 1887 1148 1898 .
1161 1836 1253 1912 ἡδέως
1265 1834 1412 1916 ἀιιοῦειν,ἱ)
1428 1859 1472 1916 pr.
1488 1843 1562 1910 12‚s

369 1941 430 2016 ῦμῖν
443 1939 474 1999 δὲ
484 1946 607 2019 παραινῶ
620 1941 658 2015 μὴ
673 1986 679 2001 .
693 1986 701 2001 .
715 1939 806 2000 ἱιιανδν
817 1943 894 2000 τοῦτο
906 1940 1035 2020 νομιζειν,
1052 1939 1129 2017 δίκην
1143 1986 1151 2001 .
1165 1987 1173 2002 .
1185 1941 1294 2020 λαβεῖν,
1311 1936 1447 2001 ἀλλὰκαὶ
1459 1986 1467 2002 .
1482 1961 1561 1999 ,κω-

369 2043 454 2123 λῦειν,
470 2042 517 2103 καὶ
533 2044 627 2116 αῦτσῦς
641 2091 648 2106 .
662 2091 669 2105 .
685 2045 716 2104 de
731 2049 808 2126 κοινῇ
822 2043 963 2118 βέλτιστον
980 2046 1146 2123 σκοπεῖσθαι,
1163 2045 1376 2121 ἐνθυμουμένους
1388 2041 1396 2129 ll
1408 2047 1448 2104 δτι
1463 2044 1561 2124 οὐδείς,

370 2147 426 2208 οὐδ’
437 2150 494 2224 ἅμα
508 2150 608 2221 πάντες
624 2149 647 2207 οἱ
662 2149 868 2225 πολιτευόμενοι
883 2147 938 2208 τῶν
952 2152 1044 2225 νέμων
1060 2195 1068 2210 .
1087 2195 1094 2209 .
1111 2145 1280 2232 ἀξιόχρεῴἳ)
1298 2148 1347 2210 εἰσι
1363 2149 1562 2228 διαφθαρέντων

370 2251 447 2328 δίκην
464 2252 564 2332 δοῦναι,
583 2276 627 2331 pr.
646 2261 696 2327 32,
717 2275 730 2314 a
749 2249 817 2325 ἀξιῶ
838 2251 931 2312 δὲκαὶ
946 2253 1018 2328 ὑμᾶς
1033 2254 1182 2332 ὑπομεῖναι,
1205 2255 1403 2331 ἐνθυμηθέντας
1419 2249 1427 2338 ll
1443 2255 1482 2313 ὅτι
1498 2251 1562 2313 οῦδὲ

369 2357 463 2416 τὰνῦν
479 2357 599 2418 δοκοῦντ’
610 2355 704 2429 ἔδοξεν
722 2361 753 2416 ἂν
769 2359 841 2438 ὑμῖν,
856 2356 881 2417 εἰ
897 2359 935 2434 μὴ
952 2357 1014 2430 τοὺς
1029 2357 1131 2437 λάγους
1146 2359 1276 2435 ἠκούσατ’
1287 2355 1318 2431 ἐξ
1333 2352 1371 2417 ὧν
1388 2358 1539 2433 ἐπείσθητε.

474 2465 564 2523 Verbi
577 2470 677 2523 autem
689 2465 793 2523 orandi
803 2466 994 2543 participium
1002 2466 1045 2524 ita
1052 2467 1213 2524 formatum
1219 2468 1284 2525 fere
1292 2467 1452 2543 adponitur
1463 2467 1494 2523 in
1502 2466 1562 2524 fine

369 2570 495 2646 periodi,
512 2576 545 2628 ut
560 2571 598 2628 ad
613 2574 760 2628 oratorem
772 2570 870 2647 ipsum
882 2571 1043 2629 referatur:
1060 2592 1104 2648 pr.
1119 2574 1169 2643 50,
1187 2593 1198 2629 1
1215 2567 1272 2646 ἐγὼ
1288 2569 1312 2627 δ’
1322 2566 1378 2645 σῦν,
1393 2571 1411 2627 οἳ
1425 2567 1563 2639 πεπεικὼς

372 2671 487 2747 ἐμαυτθν
503 2674 631 2750 τυγχάνω
647 2669 768 2747 μάλιστα
784 2673 924 2752 συμφέρειν
940 2672 1010 2749 ὑμῖν,
1028 2673 1100 2732 ταῦτ’
1111 2673 1174 2752 ἐρῶ,
1192 2670 1299 2749 δεηθεὶς
1314 2672 1390 2749 ὑμῶν
1404 2675 1539 2750 τοσοῦτον,
1557 2667 1561 2756 Ι

371 2778 440 2851 μήτε
453 2821 461 2837 .
476 2823 482 2835 .
496 2775 614 2850 νομίζειν
628 2822 634 2835 .
649 2822 656 2837 .
671 2778 761 2851 μήτε.
776 2822 794 2854 .,
810 2799 855 2854 pr.
870 2783 920 2850 21,
937 2799 950 2836 ι
967 2825 973 2836 .
988 2825 994 2837 .
1010 2775 1124 2855 διδάξω,
1139 2774 1246 2852 δεηθεὶς
1258 2778 1332 2853 ὑμῶν
1347 2771 1350 2860 l
1365 2776 1403 2852 μὴ
1416 2775 1562 2855 θορυβῆσαι

371 2879 615 2956 μηδ’ἐιναβάλλειν
627 2881 735 2956 νομίσαι
747 2901 783 2954 με
795 2878 842 2939 καὶ
852 2881 951 2960 χρόνον
965 2881 1096 2956 ἐμποιεῖν.
1113 2885 1150 2942 ef.
1161 2882 1252 2942 etiam
1264 2904 1306 2960 pr.
1319 2888 1369 2954 20,
1382 2904 1411 2941 a.
1422 2884 1563 2942 ,τοσοῦτον

370 2981 489 3056 ἀξιώσας
505 2987 598 3063 μόνον,
616 3031 623 3044 .
639 3032 645 3044 .
663 2985 701 3060 μὴ
718 2986 890 3064 ..ἡγεῖσθαι
906 3031 913 3044 .
932 3031 939 3045 .

475 3093 528 3150 Vel
543 3092 616 3150 haee
632 3092 726 3166 igitur
741 3111 793 3150 nos
808 3097 938 3162 monent,
956 3096 989 3149 ut
1005 3094 1041 3149 de
1057 3094 1162 3150 eodem
1176 3098 1296 3150 auctore
1312 3093 1481 3167 cogitemus.

473 3199 537 3254 Iam
553 3197 710 3273 explicavi,
729 3217 803 3274 quae
819 3198 855 3254 ad
873 3197 903 3254 id
920 3198 997 3274 quod
1014 3198 1198 3274 supraposui
1214 3198 1398 3273 probandum
1412 3198 1562 3274 pertinere
1577 3209 1579 3214 '

369 3302 509 3360 arbitror:
522 3302 777 3359 Demosthenis
789 3303 1057 3378 quaeseruntur
1069 3302 1327 3378 prooemiorum
1340 3321 1412 3359 eam
1424 3321 1562 3359 essera-

370 3406 513 3476 tionem,
534 3411 572 3462 ut
586 3408 626 3463 ab
641 3425 709 3462 uno
725 3406 867 3463 homine
883 3405 1078 3481 composita
1096 3407 1254 3481 putanda
1269 3425 1344 3463 esse
1359 3405 1560 3465 videantur.

370 3510 435 3567 dixi
451 3510 532 3568 enim
547 3512 583 3567 de
599 3510 794 3586 plurimorum
809 3512 940 3567 locorum
956 3510 1040 3568 mede
1052 3516 1155 3585 aperta
1166 3512 1253 3568 modo
1265 3515 1344 3568 tecte
1354 3509 1561 3580 similitudine,

370 3615 435 3672 dixi
452 3616 489 3673 de
504 3615 678 3673 elocutionis
693 3615 724 3672 in
741 3615 899 3691 prooemiis
915 3616 1001 3691 plana
1015 3615 1236 3692 aequabilitate,
1255 3615 1318 3672 dixi
1335 3616 1371 3672 de
1384 3621 1562 3689 congruente

370 3739 471 3778 eorum
482 3720 592 3797 ubique
605 3719 826 3795 compositione.
843 3721 898 3776 hoe
910 3719 1003 3794 igitur
1015 3719 1107 3776 solido
1119 3721 1313 3777 fundamento
1325 3711 1489 3777 constructo
1502 3719 1562 3776 iam

369 3827 406 3882 ad
422 3843 486 3882 eam
502 3845 574 3895 rem,
596 3825 632 3882 de
648 3843 706 3902 qua
721 3829 783 3882 tota
798 3824 931 3902 quaestio
948 3830 1001 3894 est,
1023 3844 1094 3881 num
1113 3823 1264 3900 prooemia
1278 3825 1314 3881 ad
1331 3825 1561 3881 Demosthenem

370 3929 465 4005 ipsum
481 3929 638 3986 referenda
654 3928 723 3996 sint,
741 3929 946 4005 explicandam
962 3949 1009 3986 me
1025 3930 1184 3986 conferam.

477 4166 494 4231 ¹)
515 4166 555 4216 cf.
569 4184 593 4232 p.
608 4168 650 4218 42.

473 4253 495 4318 Ἰ)
515 4252 554 4303 Of.
568 4269 594 4318 p.
608 4255 642 4302 30
660 4254 722 4302 adu.
735 4256 760 4302 4.
