3530 5536
831 449 1044 502 ..24-

342 631 586 710 μείναιτ’ἀκοὺσαι,
608 655 651 711 pr.
670 639 719 704 28,
736 653 748 692 a
769 631 835 707 μηδ’
844 629 1000 707 ὑπομείνητ’
1011 626 1133 710 ἀκοῦσαι,
1154 653 1198 710 pr.
1217 638 1267 706 29,
1284 653 1296 692 τ
1311 633 1363 708 οὑχ
1377 630 1532 706 ὑπεμείνατ’

343 732 465 797 οἰκοῦσαι.
481 743 612 797 ceterum
628 739 688 796 iam
699 739 816 796 Dobrce
828 739 905 798 Λᾶν.
923 738 989 796 crit.
1002 739 1037 796 Π
1051 741 1110 796 184
1123 739 1196 796 haec
1208 742 1407 812 congesserat:
1420 758 1464 814 pr.
1479 741 1508 809 5,
1521 757 1533 796 a

343 840 486 915 ὑπομεῖναι
506 841 568 912 τοὺς
588 840 700 920 λόγους,
720 862 764 918 pr.
784 847 833 913 17,
854 862 865 900 1
892 838 1031 914 δυνήσεσθ’
1044 838 1195 920 ὑπομεῖναι,
1216 862 1260 918 pr.
1283 846 1332 912 28,
1354 861 1367 900 υ
1387 847 1418 900 et
1439 846 1490 912 29,
1512 861 1533 912 a,

342 966 414 1024 quos
429 948 507 1006 locos
522 947 607 1004 modo
620 946 786 1016 attulimus;
804 945 912 1004 deinde
927 965 971 1022 pr.
987 951 1036 1016 29,
1049 965 1062 1003 a
1077 947 1168 1003 τοῦτον
1179 945 1225 1003 τόν
1236 945 1318 1002 πόνον
1331 942 1533 1020 ὑπομείναντες,

342 1071 386 1127 pr.
405 1055 455 1124 32,
472 1071 484 1108 υ
505 1045 573 1120 ἀξιῶ
593 1046 625 1107 δὲ
644 1045 691 1106 καὶ
711 1049 781 1122 ὑμᾶς
804 1047 954 1125 ὑπομεῖναι,
977 1069 1021 1126 pr.
1039 1053 1119 1120 44,o
1141 1049 1174 1105 ἂν
1190 1046 1357 1123 δ’όικοὺσητε
1378 1052 1468 1128 σιωπή
1486 1044 1534 1105 καὶ

342 1151 413 1213 τοῦθ’
427 1149 599 1227 ὑπομείνητε.
623 1154 754 1212 alionum
768 1156 804 1212 ab
819 1155 867 1212 his
883 1153 1026 1230 exemplis
1042 1159 1095 1224 est,
1113 1155 1189 1232 quod
1205 1154 1315 1229 legitur
1333 1175 1377 1230 pr.
1396 1157 1446 1224 25,
1463 1173 1476 1212 a
1495 1153 1534 1227 μὴ

343 1257 485 1332 ὑπομένειν
502 1255 527 1315 δ’
537 1255 564 1314 εί
575 1276 615 1327 τις
631 1256 663 1316 ἐκ
677 1255 769 1315 τσὺπου
783 1255 906 1326 κίνδυνος
922 1255 1005 1315 ἔσται.
1018 1289 1060 1299 -
1072 1278 1115 1334 pr.
1134 1262 1183 1330 32,
1201 1279 1213 1316 1
1227 1255 1261 1314 ἵν’
1270 1249 1342 1316 οὑτοι
1358 1255 1408 1331 μὲν
1421 1254 1478 1314 ἀντὶ
1489 1260 1535 1316 τοῖν

345 1358 428 1420 δεινοὶ
443 1361 538 1439 λέγειν
555 1362 682 1430 επιεικεῖς
698 1360 845 1435 ἐνσμίζοντ’
855 1354 934 1437 εἶναι,
951 1382 994 1438 pr.
1009 1366 1059 1432 46,
1073 1382 1085 1420 a
1101 1357 1124 1418 εί
1136 1359 1190 1440 γὰρ
1202 1360 1314 1441 ῥήτορες
1327 1358 1408 1420 δεινοὶ
1424 1361 1534 1436 μᾶλλον

344 1460 414 1525 εἷναι
430 1463 519 1524 δοκεῖν
534 1467 552 1538 ή
565 1465 624 1539 μετ’
634 1463 768 1540 ἀληθείας
782 1464 907 1533 ἐπιεικεῖς
919 1463 1055 1544 ἅνθρωποι
1066 1464 1222 1539 νομίζεσθαι
1232 1464 1405 1545 προείλοντο,
1418 1469 1535 1526 Dobree

344 1571 440 1633 voluit
459 1571 587 1630 conferri
607 1571 698 1630 otiam
719 1565 762 1651 (p.
781 1566 856 1652 186)
880 1591 924 1647 pr.
943 1575 993 1642 33,
1010 1591 1022 1629 a
1047 1566 1070 1627 εί
1088 1617 1094 1628 .
1113 1567 1224 1628 ,πλείω
1241 1568 1358 1645 σπουδὴν
1377 1574 1423 1630 τοὺ
1444 1569 1536 1630 δοκεῖν

345 1674 467 1747 ἐπιεικὴς
491 1668 560 1732 εἶναι
582 1677 600 1748 ἢ
622 1676 668 1734 τοῦ
689 1673 777 1744 δεινός
799 1670 883 1733 εἰπεῖν
903 1678 1019 1752 ρανῆναι
1040 1674 1152 1734 ποιοῖτο.
1173 1708 1214 1718 -
1235 1697 1278 1752 pr.
1298 1679 1326 1747 5,
1347 1696 1360 1734 a
1379 1675 1397 1748 ἡ
1419 1674 1469 1750 μὲν
1489 1669 1542 1762 οὑν1

345 1775 417 1857 ἀρχή
437 1782 484 1837 τοῦ
505 1776 660 1852 δοκιμάζειν
680 1777 767 1858 ὀρθῶς
788 1777 883 1837 ἅπαντ’
894 1776 959 1857 ἐστί,
983 1800 1026 1855 pr.
1048 1784 1096 1850 18,
1114 1778 1163 1852 ινή
1185 1778 1236 1853 μὲν
1256 1775 1301 1836 οὖν
1317 1779 1390 1858 ἁρχὴ
1405 1782 1452 1838 τοὺ
1467 1799 1534 1838 σκο-

343 1883 403 1942 πεῖν
419 1882 506 1960 όρθῶς
522 1881 590 1961 ἐστι,
612 1904 656 1961 pr.
671 1889 721 1952 40,
739 1903 751 1942 ε
766 1883 783 1956 ἡ
801 1879 850 1956 μὲν
867 1877 912 1940 οὑν
929 1881 1002 1960 ἀρχὴ
1018 1879 1071 1939 τῶν
1086 1881 1211 1940 τοιούτων
1226 1883 1394 1962 πραγμάτων
1411 1883 1535 1942 ἁπάντων

345 1987 409 2065 ἐστί,
426 2009 470 2066 pr.
484 1992 535 2060 41,
552 1987 597 2061 σή
613 1985 664 2060 μὲν
680 1982 725 2044 οὑν
741 1985 814 2065 ἀρχὴ
830 1989 875 2045 τοῦ
890 1985 963 2044 ταῦτ’
972 1984 1057 2056 οὑτως
1073 1985 1148 2062 ἔχειν
1164 1985 1268 2044 ἐκεῖθεν
1283 1986 1410 2066 ήρτητάι,
1432 1990 1536 2067 quibus

344 2095 419 2152 adde
439 2113 483 2170 pr.
502 2098 530 2164 2,
547 2112 560 2150 4
581 2091 598 2165 ἡ
620 2088 670 2165 μὲν
691 2087 735 2150 οὑν
756 2090 829 2168 ἀρχὴ
849 2092 949 2160 παντός
969 2089 1040 2148 ἐστιν
1061 2088 1136 2165 αὑτη,
1155 2125 1196 2134 -
1211 2113 1256 2168 pr.
1275 2097 1354 2164 344
1374 2090 1465 2167 ἄλλην
1486 2089 1535 2150 τιν’

345 2198 377 2254 ἂν
388 2192 409 2279 ¹)
425 2195 540 2272 ὑποψίαν
561 2192 621 2271 σὺχί
642 2193 747 2253 δικαίαν
769 2195 843 2271 ἔχειν
863 2192 969 2272 φανείη,
989 2216 1033 2273 pr.
1051 2200 1102 2267 47,
1118 2215 1131 2253 a
1150 2193 1214 2254 οὑδὲ
1229 2193 1319 2268 καλὴν
1335 2195 1449 2272 ὑποψίαν
1466 2196 1535 2273 ἔχει.

344 2334 387 2343 -
410 2303 441 2359 in
465 2302 636 2362 universum
664 2301 792 2378 denique
819 2320 993 2377 componere
1015 2301 1152 2359 iubemur
1178 2322 1222 2377 pr.
1247 2303 1446 2360 XXXXVII.
1470 2322 1537 2360 cum

345 2407 561 2477 XXXXHH,
583 2406 756 2463 XXXIIII.
781 2424 848 2462 eum
867 2406 1010 2475 XXXV,
1032 2406 1172 2462 XXIIII.
1197 2425 1262 2463 cum
1282 2407 1463 2464 XXXXVI.
1480 2427 1538 2484 qua

344 2513 375 2568 in
388 2531 420 2569 rc
432 2511 490 2568 nisi
502 2511 589 2569 fallor
600 2512 794 2570 versabantur
804 2509 917 2567 Blaesio
930 2511 966 2568 ob
979 2511 1076 2567 oculos
1088 2510 1239 2587 imprimis
1254 2531 1298 2587 pr.
1313 2515 1363 2584 47,
1376 2531 1388 2569 a
1404 2517 1435 2570 ct
1451 2515 1501 2583 44,
1515 2531 1536 2583 a,

345 2617 382 2673 de
398 2616 504 2692 quibus
516 2615 587 2673 locis
603 2635 690 2690 supra
705 2614 872 2690 expositum
887 2619 941 2685 est,
962 2634 1006 2690 pr.
1026 2618 1076 2684 34,
1093 2634 1105 2672 a
1125 2609 1185 2671 σὺτε
1205 2612 1237 2670 τὰ
1256 2613 1394 2692 πράγματ’
1403 2615 1436 2672 όίν
1451 2612 1537 2693 χείρω

344 2717 460 2796 γένοιτο,
477 2713 531 2776 οὔθ’
545 2717 621 2790 ὑμεῖς
637 2717 802 2794 ἀτοπόντεροι
817 2715 953 2796 φανείητε,
969 2715 1020 2797 ήῖ)
1038 2713 1061 2774 εἰ
1078 2718 1148 2791 μήτε
1164 2721 1216 2775 τῶν
1229 2714 1365 2788 δοξάντων
1378 2719 1438 2792 ὑμῖν
1449 2719 1536 2797 πέρας

345 2819 432 2896 μηδὲν
448 2821 522 2898 ἔχειν
539 2819 633 2896 δοκοίη
651 2866 658 2881 .
676 2866 683 2882 .
705 2828 735 2881 ct
750 2843 794 2899 pr.
809 2826 858 2894 35,
875 2843 887 2881 1
910 2820 1006 2895 ἵναμὴ
1023 2821 1178 2896 συνέβαινεν
1194 2823 1212 2880 oi
1228 2820 1262 2896 δὴ
1279 2820 1325 2882 δὺο
1340 2824 1449 2882 πάντων
1466 2821 1535 2882 ἐστὶν

345 2925 575 2986 ἀλυσιτελέστατα
597 2930 630 3005 τῇ
652 2925 744 3004 πόλει,
768 2927 837 3000 μήτε
857 2925 943 3003 πέρας
964 2925 1049 3001 μηδὲν
1070 2925 1144 3004 ἔχειν
1162 2931 1217 2985 τῶν
1237 2927 1297 3000 ὑμῖν
1318 2923 1454 2998 δοξάντων
1476 2972 1534 3006 ..,

293 3055 294 3058 ’
346 3052 420 3109 quac
440 3032 500 3089 iam
515 3033 598 3089 Wolf
616 3037 646 3089 et
665 3037 731 3108 post
750 3033 829 3090 hunc
848 3032 899 3090 alii
920 3032 1049 3091 conferri
1069 3033 1223 3104 iusserant,
1246 3034 1374 3111 denique
1394 3055 1438 3110 pr.
1457 3039 1506 3105 24,
1523 3055 1535 3092 a

345 3133 492 3213 ἀκροαταῖς
511 3132 564 3211 γὰρ
588 3133 738 3211 ἐχρήσαντο
762 3134 825 3192 καθ’
839 3134 913 3208 ὑμῶν
921 3129 947 3216 3)
970 3133 1031 3208 ὑμῖν
1052 3133 1117 3206 οἵοις
1137 3133 1240 3194 οὑδεσιν
1260 3138 1292 3193 ἂν
1312 3141 1365 3194 τῶν
1386 3135 1482 3195 σίλλων
1505 3143 1535 3196 et

451 3410 470 3474 1)
491 3407 517 3457 ἂν
536 3409 638 3459 addidit
657 3409 791 3460 Schaefer.

450 3496 469 3562 ²)
488 3496 503 3559 ή
523 3496 643 3547 additum
662 3511 695 3546 ex
713 3513 773 3563 app.
794 3497 833 3547 ed.
853 3498 937 3548 Paris.
956 3514 980 3551 a.
1001 3498 1076 3548 1570.

449 3582 470 3648 ³)
490 3581 543 3633 καθ’
557 3580 627 3649 ὑμᾶς,
652 3584 723 3648 quod
741 3585 815 3634 etin
834 3583 873 3634 ed.
894 3584 979 3634 Oxou.
999 3585 1131 3635 Dindorfii
1150 3591 1177 3636 et
1195 3589 1224 3636 in
1242 3587 1283 3638 ed.
1305 3587 1409 3638 Teubn.
1428 3588 1536 3654 legitur,

346 3685 425 3735 quam
444 3669 492 3720 ille
504 3671 610 3720 tertiam
624 3671 811 3720 correctiorem
824 3671 979 3737 appellavit,
993 3669 1149 3737 typothetae
1167 3688 1257 3722 errore
1269 3675 1383 3739 pessimo
1397 3676 1534 3725 invectum

346 3772 404 3807 esso
421 3757 541 3821 videtur,
568 3773 629 3807 nam
654 3758 736 3824 longe
759 3757 813 3808 alia
835 3758 918 3808 et‘ab
941 3758 1070 3809 hocloco
1089 3759 1180 3810 aliena
1199 3760 1396 3825 significatione
1414 3765 1537 3827 usurpari

345 3841 399 3892 καθ’
409 3839 471 3911 ὑμᾶς
494 3845 572 3909 pueri
595 3844 708 3894 discunt.
740 3845 853 3912 accedit,
872 3846 944 3910 quod
962 3846 1007 3896 vel
1025 3847 1211 3911 gravissimum
1230 3852 1278 3910 est,
1302 3847 1374 3912 quod
1391 3848 1490 3898 Reiske
1509 3855 1537 3899 ct

273 3943 276 3948 ·
345 3930 455 3980 Bekker
479 3929 532 3979 καθ’
543 3927 611 3998 ὑμῶν
635 3931 776 3982 ediderunt
795 3948 810 3983 e
828 3933 964 3983 codicibus
988 3933 1064 3983 nulla
1082 3935 1205 3983 variante
1227 3936 1359 3999 scriptura
1376 3935 1475 3998 addita,
1498 3937 1537 3986 ita

345 4021 376 4067 ut
394 4031 509 4068 errorem
527 4018 579 4068 hoc
597 4018 656 4068 loco
679 4019 787 4069 subesse
805 4026 939 4084 appareat.
969 4019 1083 4070 eundem
1102 4021 1131 4068 in
1149 4019 1256 4069 modum
1275 4021 1304 4068 in
1322 4022 1464 4086 prooemiis
1483 4021 1537 4071 alia

345 4119 453 4169 quoque
475 4105 573 4154 menda
596 4119 628 4154 ox
648 4104 733 4155 Oxou.
758 4121 805 4172 per
823 4107 1025 4157 Teubnerianas
1043 4106 1175 4156 Dindorfii
1199 4107 1330 4158 editiones
1348 4108 1447 4158 tradita
1465 4114 1535 4172 sunt,

345 4191 431 4240 veluti
449 4207 487 4256 pr.
501 4193 567 4254 22,υ
587 4189 606 4240 εἰ
626 4189 668 4259 μὲν
686 4209 733 4258 pro
753 4190 775 4242 ἐν
796 4190 845 4259 μὲν,
865 4211 903 4260 pr.
917 4197 985 4258 45,4
1005 4195 1047 4243 τοῦ
1067 4191 1173 4261 ῥήματος
1191 4192 1283 4244 τοὺτων
1301 4212 1349 4260 pro
1368 4197 1410 4244 τοῦ
1430 4193 1536 4262 ῥήματος

345 4275 438 4327 τσὺτσυ.
470 4284 588 4329 ceterum
613 4281 749 4344 prooemia
772 4282 801 4330 in
824 4281 864 4331 ed.
884 4281 988 4331 Teubn.
1012 4283 1092 4332 tertia
1115 4296 1185 4346 quae
1203 4288 1314 4332 vocatur
1341 4283 1425 4333 isdem
1447 4283 1536 4332 verbis

345 4364 417 4415 edita
435 4371 498 4415 sunt
517 4371 599 4430 atque
617 4367 646 4414 in
661 4365 755 4430 Oxon,
774 4368 825 4416 nisi
839 4368 911 4433 quod
928 4367 971 4417 hic
990 4365 1071 4435 οἰόμαι
1090 4372 1117 4418 et
1135 4359 1212 4434 οἶμαι,
1234 4365 1374 4433 ἠβουλόμην
1393 4374 1420 4420 et
1438 4364 1536 4434 ἐβουλό-

348 4467 403 4518 μην,
422 4449 498 4501 θέλειν
517 4457 545 4501 et
563 4449 659 4513 ἐθέλειν,
684 4453 749 4502 κεῖνα
771 4459 799 4504 et
821 4451 899 4503 ἐκεῖνα
922 4455 1023 4506 formae
1041 4455 1187 4506 secundum
1202 4455 1330 4505 librorum
1349 4457 1535 4506 auctoritatem

345 4539 462 4604 scriptae
475 4544 545 4602 sunt,
564 4539 622 4589 illic
634 4539 708 4590 solae
727 4530 803 4607 οἶμαι,
822 4537 966 4608 ἐβουλόμην,
986 4539 1081 4605 ἐθέλειν,
1103 4538 1180 4590 ἐκεῖνα
1191 4547 1322 4608 receptae.
1341 4543 1452 4606 accedit,
1466 4542 1537 4608 quod

345 4625 374 4672 in
388 4623 472 4674 Oxon.
491 4641 529 4690 pr.
542 4627 585 4689 45,
604 4643 614 4674 1
635 4621 775 4692 εθδσκίμηκε
794 4633 820 4676 et
838 4644 877 4693 pr.
891 4629 922 4677 51
942 4629 979 4678 in.
998 4624 1082 4696 ᾠόμην
1100 4628 1208 4694 legitur,
1226 4631 1255 4678 in
1268 4629 1372 4679 Teubn.
1390 4625 1536 4696 ηὖδσκίμηκε

347 4715 374 4760 et
392 4707 470 4778 ᾤμην,
489 4711 604 4776 denique
621 4714 651 4760 in
669 4712 718 4762 illa
736 4729 774 4778 pr.
793 4714 835 4777 55,
854 4731 865 4762 a
884 4707 1109 4782 παραζευγνὺμενοι,
1128 4717 1157 4765 in
1175 4715 1225 4766 hac
1243 4713 1483 4783 παραζευγνυμένων.
