3530 5536
709 483 922 535 -γ3-

214 669 421 745 exposuimus,
444 687 509 726 cum
527 670 563 725 de
579 669 753 744 quibusdam
773 669 991 744 prooemiorum
1012 669 1083 726 locis
1103 668 1182 724 inter
1201 687 1232 724 so
1252 667 1359 724 mirum
1380 669 1410 724 in

213 775 342 830 modum
365 767 616 830 consentientibus
640 773 763 846 egimus.
801 793 839 830 ex
862 773 973 829 maiore
994 772 1073 829 enim
1095 777 1178 847 parte
1202 772 1317 842 horum,
1339 791 1411 848 qnos

214 898 300 936 nunc
315 877 515 946 tractabimus,
532 879 661 934 locorum
673 877 826 953 apparebit
837 878 938 946 multa,
956 896 1030 953 quac
1045 877 1085 934 ibi
1097 875 1186 932 simili
1199 875 1313 933 rationo
1325 895 1412 951 saepo

214 1001 344 1039 numero
356 981 455 1039 redire
467 981 605 1050 vidimus,
622 981 705 1039 velut
720 980 751 1036 in
762 980 860 1037 medio
874 979 931 1037 sita
942 981 1021 1037 nullo
1034 981 1070 1036 ad
1088 980 1263 1036 imitandum
1276 979 1411 1054 exemplo

215 1086 370 1161 proposito
391 1085 606 1161 aperitissime
627 1104 742 1161 quoquc
763 1084 882 1142 dicendi
905 1085 1001 1160 promi
1025 1085 1164 1160 potuisse.
1194 1083 1290 1140 nihilo
1314 1089 1411 1140 tamon

215 1191 313 1247 setius
329 1191 479 1247 interdum
491 1191 672 1247 conlatornm
688 1190 814 1246 locorum
833 1188 901 1246 talis
913 1189 1065 1248 videbitur
1077 1207 1230 1246 consensus
1243 1193 1412 1246 concentus-

216 1314 289 1371 que,
306 1300 339 1351 ut
356 1294 490 1370 iniquum
502 1294 541 1350 sit
557 1312 625 1350 casn
636 1313 704 1350 cum
716 1298 747 1350 ot
762 1293 886 1350 fortuito
901 1299 998 1350 ortum
1015 1299 1129 1368 putare.
1153 1294 1203 1350 sed
1219 1294 1254 1349 ad
1272 1312 1321 1350 eos
1336 1291 1414 1367 ipsos

216 1399 433 1474 comparandos
449 1399 630 1455 accedamus.

328 1503 455 1566 Quidam
464 1502 557 1576 igitur
565 1503 767 1560 contionantes
776 1501 835 1559 suis
846 1508 962 1559 tantum
975 1503 982 1558 i
987 1521 1103 1578 psorum
1112 1501 1272 1559 commodis
1281 1501 1414 1560 serviunt

217 1611 311 1684 atque
323 1607 418 1683 pretio
432 1612 462 1664 et
475 1608 610 1664 mercede
622 1607 704 1664 ducti
716 1607 759 1663 rei
773 1607 907 1682 publicae
920 1606 1007 1664 saluti
1023 1608 1137 1663 lucrum
1153 1606 1333 1682 praeferunt.
1356 1624 1414 1681 qua

219 1731 262 1768 ex
277 1731 309 1768 re
325 1711 453 1786 plurima
468 1711 696 1787 tristissimaque
714 1713 788 1768 mala
804 1711 920 1770 civitati
937 1711 1101 1787 pariuntur.
1133 1711 1171 1767 cf.
1189 1731 1215 1785 p.
1236 1714 1273 1766 14
1291 1730 1333 1786 sq.

288 1835 331 1890 pr.
352 1820 400 1885 17,
417 1835 429 1872 υ
449 1813 478 1871 οὺ
499 1811 551 1892 γὰρ
568 1811 659 1894 ἐνδείᾳ
679 1833 724 1885 μοι
741 1812 790 1871 δο-

219 1915 791 1995 κεῖτελόγωνοθδένῦνόροῖντόιπροίγματα

219 2022 311 2078 πάντα
318 2021 527 2098 λελυμασμένα,
539 2019 616 2079 ἀλλὰ
624 2019 662 2098 τῷ
670 2020 732 2091 τοὺς
741 2021 790 2095 μὲν

223 2123 326 2183 ἑαυτῶν
339 2126 421 2182 ἑνεκα
434 2123 617 2203 δημηγορεῖν.
629 2120 791 2208 .(cctcrnm

221 2251 281 2288 non
297 2231 438 2289 concinno
457 2233 530 2288 haec
551 2232 692 2307 disposita
709 2237 790 2288 sunt:

223 2333 329 2391 δοκεῖτε
346 2380 352 2392 .
371 2379 378 2392 .
400 2333 463 2410 δρᾶν
483 2333 517 2390 τὰ
536 2335 685 2410 πράγματα
704 2335 792 2392 πάντα

221 2436 421 2511 λελυμασμένα
437 2482 444 2495 .
463 2485 469 2497 .
486 2437 525 2514 τῷ
540 2439 600 2508 τους
621 2438 671 2511 μέν
690 2439 792 2496 ἑαυτῶν

223 2543 306 2600 ἕνεκα
332 2541 499 2620 δημηγορεῖν
522 2541 569 2600 καὶ
592 2542 790 2620 πολιτεύεσθαι,

221 2645 283 2716 τοδς
296 2646 327 2705 δέ
340 2649 422 2720 μήπω
431 2647 523 2705 τούτου
533 2645 688 2714 δεδωκότας
697 2648 792 2724 πεῖρκν

225 2750 335 2824 μᾶλλον
349 2749 422 2820 όπως
436 2744 463 2806 εὖ
477 2747 581 2821 δόξουσι
597 2749 690 2826 λέγειν
707 2771 792 2809 σπου-

225 2855 324 2924 δάζειν.
356 2877 423 2914 nam
440 2857 530 2914 ctiam
547 2858 584 2927 ei,
606 2858 657 2933 qui
674 2877 793 2933 operam

225 2963 304 3030 dant,
317 2967 351 3018 ut
363 2961 481 3018 dicendi
495 2961 583 3037 periti
597 2981 659 3018 esse
670 2962 792 3020 videan-

225 3073 274 3123 tur
291 3061 330 3146 (οἱ
345 3063 543 3134 σπουδάζοντες
554 3064 628 3134 ὅπως
643 3061 671 3122 εὖ
688 3061 793 3136 δόξουσι

225 3166 345 3251 λέγειν),
367 3169 468 3227 ἑαυτῶν
487 3170 568 3227 ἑνεκα
584 3168 793 3247 δημηγοροῦσιν,

226 3275 250 3332 si
271 3275 390 3352 quidem
412 3276 546 3332 homines
567 3275 793 3333 commendatio·

226 3400 293 3437 nam
305 3385 335 3437 et
349 3381 459 3437 famam
471 3400 522 3436 sua
534 3399 620 3437 cansa
632 3381 792 3438 adfectant.

226 3485 257 3542 in
280 3505 314 3542 eo
341 3485 434 3559 igitur
459 3491 612 3561 peccatum
634 3490 688 3555 est,
716 3487 792 3562 qnod

227 3588 328 3645 ἑαυτῶν
350 3588 430 3645 ἕνεκα
451 3585 617 3666 δημηγορεῖν
637 3595 796 3665 usurpetur

227 3713 278 3769 pro
299 3693 442 3768 peculiari
465 3689 506 3750 ἐπὶ
528 3687 614 3766 μισθῷ
634 3697 681 3752 vel
702 3692 795 3766 μισθοῦ

226 3795 329 3872 λέγειν,
348 3799 385 3855 ef.
399 3799 484 3854 Dem.
498 3817 540 3855 or.
555 3802 593 3854 23
608 3803 639 3855 et
653 3801 690 3855 51
707 3801 738 3855 ll.
752 3817 793 3856 cc.

226 3907 305 3959 recte
314 3921 430 3978 qnoque
440 3902 553 3959 dictum
563 3908 641 3959 esset
654 3901 735 3959 ἕνεκα
746 3905 795 3974 τῆς

228 4003 327 4062 ἑαυτῶν
339 4000 502 4074 πλεονεξίας
513 4007 562 4064 vel
576 4008 626 4077 τῆς
641 4001 709 4074 ἰδίας
723 4004 794 4062 ἕνεκ’

227 4105 794 4187 αἰσχροκερδείαςοθοτ.18,ννσ;23,ιυυ).

910 1817 995 1872 Dcm.
1019 1835 1060 1871 or.
1087 1819 1136 1884 23,
1166 1833 1204 1871 ιω
1231 1811 1257 1869 εί
1282 1832 1321 1880 τις
1344 1811 1414 1883 ὑμᾶς

847 1919 942 1996 ἔροιτο,
964 1917 986 1973 τί
1009 1917 1191 1995 πονηρότατον
1216 1914 1341 1990 νομίζετε
1361 1920 1414 1973 τῶν

847 2021 874 2079 ἐν
894 2042 927 2102 τη
943 2021 1023 2079 πόλει
1040 2018 1146 2078 πάντων
1163 2020 1247 2077 ἐθνῶν
1264 2065 1270 2078 .
1290 2064 1296 2077 .
1315 2016 1337 2076 εἰ
1354 2019 1414 2089 τοὺς

847 2124 891 2184 ἐπὶ
903 2124 988 2204 μισθῷ
997 2125 1092 2203 λέγειν
1103 2123 1150 2183 καί
1161 2127 1274 2202 γροίρειν
1285 2122 1414 2194 εἰωθότας

847 2229 916 2289 εἴποι
940 2251 994 2309 τις,
1023 2223 1051 2287 εὖ
1079 2223 1130 2288 οἶδ’
1144 2231 1183 2288 δτι
1211 2228 1369 2305 συμφήσαιτ’
1382 2230 1413 2286 ἂν

846 2336 973 2403 ἅπαντες.
1005 2337 1042 2393 of.
1061 2355 1101 2392 or.
1120 2339 1170 2405 51,
1192 2354 1216 2392 ιτ
1239 2332 1321 2390 ἔπειθ’
1331 2333 1414 2402 οθτως

846 2439 1006 2519 ὀλιγωροῦσι
1026 2441 1072 2496 τοῦ
1093 2437 1182 2496 δοκεῖν
1203 2437 1331 2506 ἐπιεικεῖς
1348 2430 1415 2494 εἶναι

845 2541 892 2601 καί
902 2542 1046 2613 παντελῶς
1058 2538 1150 2600 τᾶλλα
1162 2543 1287 2620 πάρεργα
1302 2542 1369 2618 πρός
1384 2541 1414 2598 τ“ο

846 2646 943 2719 λαβεῖν
957 2645 1116 2724 νομίζουσιν,
1130 2647 1210 2705 ὥστ’.
1225 2691 1244 2722 .,
1260 2648 1332 2706 ibid.
1345 2645 1360 2723 5
1375 2652 1417 2704 21,

846 2751 919 2829 παρδι
938 2751 991 2830 γὰρ
1011 2756 1064 2809 τῶν
1080 2751 1229 2830 λεγόντων,
1251 2751 1296 2821 οθς
1311 2749 1360 2808 ἴστ’
1373 2747 1414 2808 ἐπί

847 2854 1414 2933 μισθῷτοῦτοπράττοντας,πυνθοίνεσθε..,

847 2964 936 3020 Isocr.
953 2983 994 3020 or.
1015 2968 1064 3033 12,
1086 2982 1111 3020 ιν
1129 2960 1216 3019 καίτοι
1231 2962 1329 3030 πόντες
1345 2959 1415 3018 ίοασι

847 3063 900 3122 τῶν
924 3065 973 3139 μὲν
997 3063 1117 3144 ῥητόρων
1139 3064 1200 3136 τοὺς
1222 3064 1345 3134 πολλοὺς
1365 3063 1416 3140 οὺχ

847 3169 912 3248 ὑπὲρ
924 3175 976 3228 τῶν
992 3175 1024 3251 τῇ
1040 3169 1121 3229 πόλει
1136 3171 1330 3249 συμφερόντων,
1348 3167 1414 3227 ἀλλ’

848 3275 913 3354 Ιἰπέρ
934 3269 970 3333 ὧν
991 3272 1064 3335 αὐτοὶ
1084 3275 1221 3352 λήψεσθαι
1235 3272 1414 3351 προσδοκῶσι,

849 3377 1014 3458 δημηγορεῖν
1030 3376 1191 3453 τολμῶντας
1206 3382 1242 3438 al.

225 4215 295 4273 vide
318 4215 407 4272 etiam
427 4233 516 4291 quem
538 4215 635 4271 locum
657 4219 779 4272 teneant
802 4215 833 4272 in
857 4216 1016 4291 prooemiis
1039 4216 1090 4292 qni
1113 4215 1311 4291 reipublicae
1332 4234 1415 4290 prac-

227 4325 303 4376 snnt.
326 4319 360 4374 hi
373 4319 467 4392 igitur
479 4338 571 4395 aeque
583 4320 659 4375 male
672 4319 825 4377 civitatem
841 4325 969 4377 tractant
984 4324 1073 4396 atquc
1085 4325 1215 4376 oratores
1229 4319 1275 4376 illi
1290 4318 1414 4394 perditi:

227 4442 301 4499 quae
324 4429 415 4497 agunt
438 4442 489 4480 sna
512 4442 597 4480 causa
619 4422 734 4480 faciunt
756 4428 845 4501 atque
867 4424 899 4480 id
921 4428 1036 4481 tantum
1052 4423 1223 4494 moliuntur,
1247 4429 1281 4480 ut
1304 4425 1416 4481 lucrum

227 4528 374 4604 quoddam
393 4531 600 4584 consectentur
619 4533 805 4604 augeantque
825 4548 890 4584 suas
909 4529 1051 4585 fortunas.
1082 4528 1119 4584 cf.
1141 4547 1184 4603 pr.
1208 4532 1257 4597 48,
1281 4547 1293 4584 ν
1316 4523 1340 4582 οί
1362 4523 1416 4604 γὰρ

227 4617 358 4708 ἄρχοντες
372 4629 390 4703 ἤ
406 4648 477 4697 τινες
496 4629 592 4708 αὐτῶν,
613 4628 656 4687 ἵνα
672 4629 710 4704 μὴ
726 4631 828 4700 πάντας
844 4629 932 4709 λέγω,
952 4634 1005 4688 τῶν
1022 4628 1072 4703 μὲν
1088 4629 1224 4710 ὑμετέρων
1240 4631 1415 4708 ψηρισμοίτων

227 4732 294 4791 ἀλλ’
303 4731 366 4792 οίνδέ
381 4733 411 4790 τδ
428 4734 589 4812 μικρότατον
606 4731 793 4812 φροντίζουσιν,
810 4735 883 4804 όπως
897 4733 926 4791 δέ
942 4732 1075 4810 λήψονται
1091 4755 1124 4794 ac
1140 4756 1183 4811 pr.
1199 4738 1237 4793 55
1255 4736 1335 4794 utin
1350 4737 1415 4794 uni-
