3530 5536
827 499 1036 552 ..84-

337 706 385 744 res
401 706 431 744 se
450 687 549 758 habet,
569 691 603 744 ut
618 685 650 743 in
665 687 752 743 rebus
768 683 900 743 adversis
915 684 1070 754 cautiores,
1091 685 1122 742 in
1144 685 1280 743 secundis
1295 686 1529 761 neglegentiores

337 795 524 868 compareant
535 789 678 848 homines.
700 790 737 849 ef.
751 789 884 867 Thucyd.
899 790 959 860 ΙΠ,
974 792 1024 860 45,
1037 807 1063 859 σι
1077 790 1130 860 IV,
1145 793 1194 860 65,
1207 809 1233 859 ι;
1250 788 1323 847 ibid.
1339 795 1408 861 108,
1421 809 1434 847 ι
1445 789 1528 848 alibi.

337 913 396 971 qna
417 894 449 952 in
472 915 504 952 re
528 895 703 952 declaranda
725 898 755 951 et
778 895 814 950 ad
838 892 1007 950 auditorum
1030 892 1129 952 offioia
1150 894 1316 952 revocanda
1340 898 1437 952 totum
1463 894 1528 951 fera

337 1004 473 1058 versatur
495 997 679 1077 prooemium
696 1001 746 1056 43.
778 997 849 1055 satis
871 1002 970 1055 tamen
993 997 1083 1056 habui
1107 997 1180 1055 haee
1203 1001 1319 1056 tantum
1342 997 1373 1054 in
1396 997 1528 1055 medinm

336 1105 483 1181 proferro:

401 1207 417 1285 ς
447 1214 462 1265 1
493 1201 592 1275 Οθδείς
618 1197 721 1264 πώποτ’
738 1201 803 1276 ίσως
830 1203 905 1277 ὑμῶν

337 1311 479 1390 ἐζήτησεν,
499 1305 521 1368 ὧ
538 1309 564 1368 ἄ.
582 1309 632 1387 Ἀ.,
652 1307 678 1368 τί
693 1307 793 1384 δήποτε
810 1305 834 1368 οἱ
849 1328 904 1366 κα-

335 1421 393 1488 κῶς
400 1416 564 1494 πρέποντες
572 1413 683 1488 ἄμεινον
694 1410 820 1491 περὶτῶν
831 1432 904 1492 πρα-

335 1521 448 1597 γμάτων
460 1523 514 1577 τῶν
527 1511 556 1576 εὖ
568 1518 739 1598 πραττόντων
755 1516 903 1592 βουλεύον-

335 1644 388 1683 ται.
414 1623 469 1682 ἔστι
484 1620 509 1681 δ’
519 1621 569 1698 οθχ
585 1622 717 1703 ἑτέρωθέν
732 1621 815 1680 ποθεν
827 1623 904 1681 τοῦτο

335 1728 507 1806 γιγνόμενον,
535 1724 603 1786 ἀλλ’
616 1727 655 1786 ότι
683 1723 823 1800 συμβαίνει
847 1727 905 1796 τοῖς

336 1831 387 1905 μέν
407 1834 476 1906 μήτε
496 1831 636 1910 φοβεῖσθαι
655 1829 742 1906 μηδὲν
758 1829 850 1905 μήθό
864 1850 904 1900 τις

336 1938 368 1993 ἂν
379 1935 459 2014 λέγοι
469 1935 544 1995 δεινὰ
551 1934 713 2014 προσήκονθ’
720 1935 811 2006 αὑτοῖς
822 1935 902 2010 ἡγεῖ-

335 2040 409 2099 σθαι·
443 2039 505 2112 τοθς
535 2039 566 2099 δὲ
596 2038 712 2114 πλησίον
742 2037 820 2109 όνιας
849 2042 903 2096 τῶν

336 2145 554 2224 ἁμαρτημάτων,
587 2145 651 2203 όταν
682 2141 721 2216 εἰς
750 2143 780 2202 τδ
809 2138 904 2213 κακῶς

336 2250 461 2329 πρέπειν
489 2246 644 2328 ἀφίκωνται,
671 2248 812 2327 σώφρονας
836 2246 904 2326 πρδς

335 2351 369 2412 τὰ
384 2351 468 2412 λοιπόι
482 2349 529 2411 καί
545 2350 669 2431 μετρίους
682 2352 808 2430 παρέχει.

1023 1208 1109 1264 Dem.
1123 1225 1164 1264 or.
1180 1210 1230 1276 20,
1246 1224 1272 1263 aa
1287 1203 1348 1274 τοὺς
1364 1202 1414 1279 μὲν
1427 1202 1455 1261 ἐν
1466 1223 1527 1262 κιν-

959 1307 1028 1387 δθνῳ
1043 1308 1247 1384 καθεστηκότας
1262 1301 1309 1366 καί
1324 1304 1437 1387 πράξεις
1451 1328 1526 1388 χρη-

958 1409 1018 1471 σταὶ
1033 1410 1080 1471 καὶ
1094 1413 1171 1487 νόμοι
1182 1410 1229 1471 καί
1245 1410 1342 1492 ἄνδρες
1356 1409 1469 1492 χρηστοὶ
1480 1409 1528 1470 καί

957 1515 1035 1576 πάντ’
1049 1513 1211 1591 ἐξητασμέν’
1225 1514 1268 1576 ἐπὶ
1282 1517 1313 1575 τδ
1334 1516 1442 1591 βέλτιον
1456 1536 1528 1596 προ-

957 1624 1020 1700 ῆγε,
1036 1619 1097 1691 τοὺς
1113 1618 1137 1678 δ’
1148 1620 1176 1680 ἐν
1193 1621 1283 1702 ἁπάση
1298 1621 1461 1681 καθεστάναι
1478 1618 1527 1678 δο-

957 1727 1071 1795 κοῦντας
1087 1723 1245 1806 εὐδαιμονίᾳ
1264 1727 1352 1784 πάντα
1367 1724 1441 1785 ταῦτ’
1455 1725 1526 1800 ἀμε-

957 1828 1069 1902 λούμεν’
1082 1828 1191 1909 ὑπέρρει
1213 1829 1284 1888 κατὰ
1306 1832 1412 1909 μικρόν,
1435 1834 1525 1890 Isoer.

958 1955 1000 1993 or.
1012 1939 1039 2006 7,
1049 1932 1124 2012 ιόρῶ
1133 1932 1188 2014 γὰρ
1195 1939 1248 1992 τῶν
1257 1934 1366 2008 πόλεων
1374 1933 1424 2006 τὰς
1433 1933 1527 2013 σ’ίριστα

956 2039 1081 2116 πρέπειν
1106 2034 1234 2111 οἰομένας
1256 2040 1371 2098 κάκιστα
1394 2037 1526 2113 βουλευο-

958 2142 1044 2216 μένας
1059 2139 1106 2200 καὶ
1121 2140 1170 2213 τὰς
1186 2141 1306 2216 μάλιστα
1324 2142 1472 2223 θαρροθσας
1487 2140 1527 2213 είς

957 2244 1101 2317 πλείστους
1112 2245 1249 2317 κινδθνους
1260 2247 1470 2325 καθισταμένας,
1482 2246 1525 2324 §4

958 2348 1041 2409 αἴτιον
1062 2348 1094 2409 δὲ
1109 2349 1209 2409 τοθτων
1225 2350 1305 2430 ἐστίν,
1327 2350 1366 2410 ότι
1383 2397 1390 2412 .
1408 2397 1414 2410 .
1430 2351 1525 2409 συντέ-

956 2475 1053 2513 τακται
1059 2451 1107 2514 καὶ
1116 2454 1309 2514 συνακολουθεῖ
1316 2457 1372 2526 τοῖς
1378 2453 1428 2530 μὲν
1437 2454 1527 2513 πλαθ-

956 2578 1013 2629 τοις
1034 2557 1081 2618 καί
1105 2561 1164 2630 ταῖς
1187 2557 1354 2630 δυναστείαις
1377 2559 1455 2618 οίνοια
1480 2555 1527 2616 καὶ

957 2657 1027 2735 μετὰ
1038 2663 1137 2739 ταίντης
1148 2661 1294 2743 ἀκολασία,
1306 2665 1366 2735 ταῖς
1378 2661 1403 2720 δ’
1411 2661 1527 2732 ἐνδείαις

956 2763 1002 2824 καὶ
1029 2769 1088 2838 ταῖς
1110 2770 1280 2841 ταπεινότησι
1303 2767 1456 2847 σωρροσθνη
1479 2762 1527 2825 καί

956 2870 1050 2945 πολλὴ
1068 2874 1220 2952 μετριότης.
1247 2893 1280 2932 ae
1296 2875 1382 2950 paulo
1399 2874 1478 2930 infra
1493 2874 1524 2930 in

956 2974 972 3052 ξ
996 2981 1013 3034 6
1040 2977 1097 3054 ipsi
1122 2979 1321 3036 Athenienses
1350 2979 1526 3036 documento

957 3101 1020 3138 esse
1037 3081 1183 3140 dicuntur.

439 3187 546 3243 Errare
570 3205 656 3262 porro
675 3187 725 3245 vel
747 3204 847 3242 errore
868 3186 1024 3261 deceptum
1044 3187 1157 3264 aliquid
1180 3187 1367 3245 committere
1386 3206 1444 3244 non
1465 3191 1525 3243 tam

334 3297 421 3366 turpe
435 3291 562 3348 habetur
577 3310 666 3368 quam
681 3290 789 3348 mentis
805 3309 892 3347 sensu
907 3289 1023 3365 integro
1039 3291 1153 3367 aliquid
1169 3291 1201 3349 in
1217 3311 1248 3348 se
1264 3291 1437 3349 admittere:

400 3415 444 3471 pr.
464 3400 513 3467 28,
535 3414 547 3452 ιι
569 3395 600 3451 ἂν
621 3393 671 3468 μὲν
692 3389 737 3452 οθν
758 3391 823 3466 μηδ’
836 3392 904 3450 θπο-

1021 3397 1107 3453 Dem.
1124 3415 1165 3453 or.
1184 3400 1234 3468 24,
1251 3415 1277 3454 ιε
1296 3394 1334 3469 μὴ
1352 3388 1396 3452 οὖν
1413 3391 1524 3465 ἐπιβου-

336 3496 440 3572 μείνητ’
449 3497 561 3556 ἀκοῦσαι
577 3497 649 3572 μηδὲ
665 3499 704 3576 έν,
726 3496 756 3556 οθ
771 3495 809 3576 τῷ
826 3495 903 3555 δοκιἢ
957 3496 1047 3556 λεθειν
1069 3498 1096 3575 γ’
1110 3497 1217 3569 ἐδόκεις
1241 3496 1318 3558 ἀλλὰ
1340 3499 1438 3578 γνώμῃ
1461 3496 1524 3556 δια-

336 3602 469 3674 μσίζοντες
492 3600 648 3680 διαμαρτεῖν
671 3600 749 3659 ἀλλὰ
770 3597 809 3677 τῷ
829 3600 904 3678 ρθσει
957 3601 1066 3681 μαρτὼν
1082 3602 1237 3681 ἀποτυχεῖν,
1254 3604 1327 3662 ibid.
1345 3602 1360 3680 ἓ
1379 3607 1439 3661 110
1456 3600 1524 3675 μετὰ

335 3704 440 3785 πονηρὰ
471 3704 608 3780 ἐπιθυμεῖν
642 3707 765 3784 πρέπειν
795 3708 904 3765 τοιαῦτα
956 3709 1002 3763 τοῦ
1022 3704 1218 3778 βουλεύσασθαι
1238 3703 1310 3765 ταῦτ’
1321 3704 1411 3765 ἀδικεῖ
1428 3703 1474 3764 καὶ
1495 3706 1525 3764 oo

334 3810 519 3888 προαιρεῖσθαι
536 3805 640 3881 δόξετε.
956 3802 1054 3892 γνώμη
1071 3809 1234 3890 διαμαρτών.
1259 3813 1296 3870 ef,
1310 3813 1401 3870 etiam
1416 3831 1459 3868 or.
1475 3816 1523 3882 18,

956 3934 994 3973 τοι
1020 3914 1209 3991 ἡμαρτηκέναι
1236 3911 1340 3993 δόξετε,
1368 3914 1398 3972 οὐ
1420 3920 1453 3993 τῇ
1476 3918 1525 3988 της

956 4017 1225 4099 τθχηςάγνωμοσθνῃ
1233 4017 1267 4076 τὰ
1275 4017 1523 4092 συμβάνταπαθεῖν.

438 4123 563 4181 Omnino
577 4123 706 4200 denique
717 4143 776 4181 non
789 4124 892 4181 eadem
904 4124 1029 4194 ratione,
1043 4144 1101 4200 qua
1112 4144 1230 4200 pessum
1243 4126 1359 4195 dantur,
1376 4145 1423 4181 res
1435 4124 1524 4182 corri-

334 4232 453 4302 guntur,
469 4227 560 4284 immo
576 4229 737 4286 contraria:

399 4352 443 4407 pr.
460 4336 487 4402 1,
503 4351 516 4389 a
531 4328 609 4388 οθδὲν
625 4325 662 4388 ὧν
680 4329 787 4389 ἐποιεῖτ’
798 4326 842 4388 ἐπὶ
856 4332 902 4388 τοῦ

1021 4334 1107 4390 Dem.
1124 4352 1166 4390 or.
1185 4337 1212 4403 2,
1230 4351 1255 4390 aa
1271 4323 1414 4401 είθόθτως
1431 4331 1523 4409 ἀγνω-

333 4431 466 4507 πολεμεῖν
491 4432 566 4503 όντες
586 4437 632 4492 τοῦ
652 4433 749 4493 λοιποῦ
767 4435 902 4514 πρακτέον
956 4435 1046 4507 μόνως
1070 4434 1154 4513 ἔχετ’,
1178 4430 1200 4493 ὦ
1221 4434 1247 4494 α’ί.
1269 4434 1321 4512 Ἀ.,
1345 4437 1414 4494 ὥστε
1438 4433 1472 4493 δι’
1485 4430 1523 4493 ὧν

336 4536 416 4616 ἐστίν,
437 4535 514 4596 ἀλλὰ
533 4527 620 4596 πἀίντα
639 4537 782 4598 τάναντία·
804 4536 828 4596 εί
847 4537 902 4617 γὰρ
957 4537 989 4596 ἐκ
1008 4543 1134 4618 χρηστῶν
1154 4540 1245 4616 ραῦλα
1263 4539 1297 4596 τὰ
1311 4541 1459 4618 πράγματα
1474 4542 1523 4613 τῆς

336 4640 427 4699 ἐκεῖνα
441 4640 533 4720 φαῦλα
545 4641 677 4716 πεποίηκε
694 4641 727 4701 τὰ
742 4643 901 4723 πράγματα,
954 4642 1065 4713 πόλεως
1080 4643 1204 4721 γέγονεν,
1223 4641 1267 4701 διὰ
1281 4643 1380 4701 τούτων
1397 4641 1522 4714 ἐλπίζετε

334 4744 460 4804 τάναντία
476 4743 550 4816 είκδς
566 4744 667 4819 βελτίω
682 4751 801 4818 ποιῆσαι.

955 4751 1008 4804 τῶν
1029 4747 1115 4805 αθτῶν
1134 4743 1261 4825 πράξεων
1283 4746 1315 4804 ἐκ
1329 4748 1440 4824 φαύλων
1457 4746 1523 4806 αθτὰ
