3530 5536
833 521 1048 572 ..82-

345 707 484 778 serviant,
510 713 540 764 ei
560 707 677 764 dicendi
698 708 870 765 facultatem
891 705 950 763 illis
970 706 1068 782 potius
1089 706 1225 774 dandam,
1247 705 1298 781 qui
1319 704 1350 762 in
1369 704 1428 762 alia
1447 709 1537 781 atque

344 811 411 887 ipsi,
433 813 484 889 qui
499 812 634 879 audiunt,
656 811 803 869 sententia
819 810 891 881 sint3
912 811 966 868 hos
982 810 1062 868 enim
1078 829 1217 884 magnum
1232 815 1412 867 momentum
1428 810 1465 865 ad
1486 810 1536 865 de-

343 917 528 974 liberandum
540 914 678 974 adferre?
702 917 780 972 unde
793 915 927 992 sequitur
938 919 971 972 ut
984 934 1060 991 quae
1073 914 1104 971 in
1115 915 1171 971 hoe
1184 914 1333 989 prooemio
1350 915 1488 987 leguntur
1499 915 1535 970 ad

342 1021 400 1079 loei
418 1021 560 1080 [soeratei
576 1022 746 1096 exemplum
762 1020 943 1077 conformata
959 1039 1022 1076 esse
1038 1020 1148 1077 eredes.
1173 1038 1270 1095 neque
1285 1037 1356 1077 vero
1372 1037 1449 1076 nova
1463 1019 1537 1074 haee

343 1125 492 1182 sententia
512 1130 569 1194 est;
591 1144 659 1182 nam
680 1143 815 1198 magnam
836 1124 916 1182 inter
934 1124 988 1180 hos
1008 1124 1086 1180 locos
1107 1123 1292 1179 intercedere
1308 1121 1536 1178 similitudinem

343 1230 404 1286 iam
420 1221 535 1306 Sauppe
551 1233 737 1302 cognoverat.
769 1229 903 1286 conferes
919 1227 1023 1285 etiam:

408 1354 451 1409 pr.
475 1337 524 1403 26,
549 1352 562 1390 ο
585 1331 640 1390 ἐστι
664 1330 695 1390 δὲ
715 1334 772 1402 τοῖς
792 1331 912 1405 μάλιστα
1031 1327 1535 1406 Ιεοοσ.1.σ,ἓ11πῶςάνάνθρωποι

342 1437 499 1494 πεπεικόσιν
512 1435 582 1510 ύμοῖς
593 1435 666 1494 ταῦτ’
677 1432 716 1514 ἐφ’
727 1429 763 1494 ὧν
778 1439 824 1494 νύν
841 1435 910 1510 ἐστε,
965 1432 1062 1503 καλῶς
1086 1432 1224 1506 δυνηθεῖεν
1247 1436 1265 1507 ἢ
1288 1436 1376 1512 κρῖναι
1399 1430 1460 1511 περὶ
1482 1438 1535 1491 τῶν

342 1540 442 1607 τούτοις
452 1537 499 1597 καὶ
511 1539 631 1613 μάλιστα
639 1541 773 1618 συμφέρον
784 1540 814 1598 τό
825 1541 912 1616 λόγου
965 1537 1160 1615 γεγενημένων
1172 1539 1190 1610 ἢ
1204 1536 1403 1611 βουλεύσασθαι
1413 1535 1535 1616 περὶτῶν

341 1646 432 1720 τυχεῖν
447 1642 509 1714 τούς
527 1639 731 1722 ἀντιλέγοντας,
752 1667 795 1722 pr.
814 1650 863 1717 34,
885 1666 910 1716 νς
966 1641 1138 1720 μελλόντων,
1167 1639 1191 1698 εἰ
1215 1641 1252 1716 μὴ
1275 1640 1337 1711 τούς
1361 1642 1411 1713 μὲν
1434 1640 1535 1718 λόγους

343 1754 392 1819 29,
410 1770 431 1806 ι.
463 1749 500 1806 ef.
518 1770 546 1825 p.
565 1755 604 1808 20
621 1771 663 1827 sq.
964 1746 1025 1815 τούς
1034 1751 1086 1804 τῶν
1100 1745 1311 1820 ἐναντιουμένων
1319 1745 1535 1826 παρ’ἀλλήλους

966 1845 1128 1928 ἐξετάζοιεν,
1160 1848 1235 1909 αύτοὶ
1266 1850 1290 1909 δ’
1307 1849 1400 1920 αύτούς
1428 1849 1535 1921 κοινούς

965 1954 1127 2034 ἀμφοτέροις
1155 1954 1292 2033 ἀκροατὰς
1315 1950 1532 2037 παράσχοιενγθ)

964 2066 1096 2119 ceterum
1126 2061 1270 2137 prooemii
1299 2065 1337 2118 26
1366 2055 1457 2121 verba
1484 2063 1533 2118 ad-

964 2164 1074 2241 scripta
1084 2170 1114 2222 et
1126 2185 1201 2242 quae
1214 2165 1256 2223 ibi
1268 2163 1283 2241 ἓ
1294 2169 1311 2222 3
1326 2170 1490 2242 sequuntur
1501 2163 1533 2221 ἀν

964 2265 1014 2340 μὲν
1041 2267 1096 2346 γάρ
1124 2263 1231 2338 διδάξαι
1254 2266 1401 2341 δυνηθῶσιν
1425 2267 1463 2338 ὡς
1486 2266 1534 2325 ούκ

965 2370 1033 2428 ἐστιν
1047 2371 1144 2449 ἀριστα
1159 2373 1177 2428 ἀ
1191 2371 1293 2442 τούτοις
1305 2369 1390 2448 δοκεῖ,
1407 2371 1446 2429 ὅτ’
1456 2369 1533 2430 ούδὲν

962 2472 1118 2552 ἡμάρτηταί
1131 2495 1184 2552 πω,
1199 2477 1278 2533 τούτο
1290 2470 1445 2553 πράξαντες
1457 2469 1533 2553 ἀθῴ-

963 2597 1009 2648 ους
1029 2577 1090 2648 τούς
1113 2577 1251 2649 κινδύνους
1269 2580 1423 2652 ποιήσουσιν
1444 2579 1534 2649 αύτοῖς

963 2685 1095 2742 conferas
1117 2704 1182 2742 eum
1203 2687 1289 2742 Dem.
1307 2705 1347 2742 or.
1367 2689 1416 2756 14,
1437 2705 1462 2742 41
1482 2685 1533 2741 κάν

961 2790 1044 2845 ταῦτα
1056 2791 1161 2865 ποιῆτε,
1178 2784 1225 2844 καὶ
1240 2787 1300 2860 ύμῖν
1314 2787 1403 2858 αὺτοῖς
1415 2786 1461 2846 καὶ
1476 2789 1533 2856 τοῖς

962 2885 1532 2970 τάναντίαπεῖθουσισυμφέρονταπράξετε·

963 2995 994 3052 ού
1016 2994 1069 3074 γὰρ
1093 2994 1221 3074 ὀργιεῖσθ’
1235 2997 1324 3067 αὺτοῖς
1346 2996 1465 3074 ύστερον,
1489 2999 1532 3053 νύν

964 3099 1141 3177 ἁμαρτόντες.

338 3207 415 3283 quod
442 3207 466 3263 si
490 3206 540 3283 qui
564 3207 667 3263 audire
691 3205 810 3263 omnino
833 3206 936 3275 nolint,
963 3206 992 3262 id
1016 3207 1148 3280 graviter
1167 3197 1453 3282 reprehendendum*
1470 3226 1532 3263 esse

338 3311 461 3369 dieitur:

402 3436 446 3490 pr.
462 3419 511 3483 44,
530 3435 542 3472 3
559 3410 581 3470 εἰ
595 3411 644 3486 μὲν
657 3410 702 3471 σύν
715 3409 840 3486 οἰήσεσθε
853 3410 909 3470 δεῖν
1028 3407 1136 3496 [Demi
1153 3434 1195 3472 or.
1215 3419 1263 3484 10,
1281 3434 1306 3472 rs
1321 3412 1351 3470 τδ
1368 3411 1399 3470 δέ
1416 3411 1482 3487 μηδ’
1492 3411 1531 3471 όσ’

338 3512 478 3592 μὴ’θέλειν
488 3517 604 3594 ἀκούειν,
618 3516 907 3595 ούκόρθῶςποιήσετε,
964 3515 1076 3575 ἀκούσαι
1104 3515 1145 3575 δεῖ
1172 3516 1237 3591 μηδ’
1253 3518 1303 3575 ὅσα
1334 3516 1533 3590 βουλεύσασθαι

336 3625 407 3683 vide
423 3645 452 3700 p.
471 3628 520 3681 21.
961 3622 1103 3700 προσήκει,
1121 3619 1192 3695 μηδὲ
1207 3622 1280 3678 ταῦτ’
1290 3620 1396 3679 ἐθέλειν
1413 3621 1531 3696 ἀκούειν,

960 3725 1030 3783 τοῦτ’
1043 3724 1098 3801 ἤδη
1117 3729 1206 3783 πᾶσαν
1228 3724 1384 3801 ἐπιδέχεται
1406 3745 1531 3800 κατηγο-

961 3827 1029 3908 ρίαν,
1046 3823 1155 3912 [Dem.]
1173 3850 1213 3888 or.
1234 3836 1283 3902 13,
1300 3852 1312 3889 r
1329 3826 1352 3887 εἰ
1370 3875 1376 3889 .
1395 3874 1402 3888 .
1419 3833 1464 3888 τού
1481 3828 1531 3887 δὀἳ

959 3935 1027 4012 πρός
1039 3934 1140 4004 τούτοις
1154 3932 1196 3991 δεῖ
1209 3935 1296 3992 ποιεῖν
1312 3933 1384 4008 μηδὲ
1399 3932 1461 4004 τούς
1476 3934 1530 3992 λό-

959 4058 1024 4115 γους
1033 4038 1141 4097 ἀκούειν
1155 4039 1315 4115 ἐθελήσετε,
1330 4037 1409 4119 δρᾱτε
1423 4041 1460 4113 μή
1470 4035 1530 4096 ποθ’

961 4187 968 4201 .
989 4189 994 4200 .
1011 4141 1113 4221 σφόδρα
1128 4143 1318 4223 ἡμαρτηκέναι
1333 4141 1471 4217 νομίσητε.

335 4247 541 4254 -—-——-——-

437 4347 460 4413 ⁸)
478 4349 575 4398 Fuisse
598 4351 626 4398 in
650 4349 756 4398 iudiciis
775 4364 875 4399 morem
895 4349 1006 4414 eosqui
1028 4349 1184 4399 iudicabunt
1207 4349 1315 4412 hortari,
1338 4357 1369 4399 ut
1387 4354 1530 4414 utramque

334 4440 436 4501 partem
460 4437 554 4500 aequis
577 4437 675 4485 animis
697 4436 829 4498 audirent,
859 4440 953 4486 notum
977 4441 1025 4485 est.
1061 4436 1094 4486 ef.
1117 4436 1195 4485 Dem.
1220 4452 1256 4485 or.
1281 4439 1323 4499 ⁶29,
1348 4454 1357 4484 1
1386 4430 1459 4502 ἀνπερ
1481 4432 1531 4483 ῖσσι

333 4521 374 4571 καὶ
392 4521 466 4571 κοινοὶ
484 4521 663 4590 γένησθ’ἡμῶν
683 4517 806 4590 ἀκροαταί,
826 4523 889 4572 ibid.
902 4525 946 4584 §4
965 4521 1050 4590 δέομαι
1069 4519 1179 4590 δ’ύμῶν,
1198 4515 1219 4571 ὦ
1239 4518 1261 4573 ἀ,
1278 4522 1309 4584 δ,,
1328 4519 1422 4572 δικαίαν
1441 4520 1530 4585 δέησιν,

334 4607 357 4668 ἐξ
374 4606 430 4659 ’ύσου
449 4609 520 4676 ἡμῶν
539 4606 685 4676 ἀμφοτέρων
703 4606 814 4669 ἀκοῦσαι,
837 4625 873 4658 er.
898 4612 936 4671 18,
956 4628 966 4658 τ
986 4608 1027 4668 τὰς
1048 4607 1124 4667 αἰτίας
1143 4608 1183 4658 καὶ
1202 4605 1244 4668 τάς
1264 4607 1398 4674 διαβολὰς.
1416 4605 1478 4660 ,ούκ
1498 4605 1531 4657 ἐ’νι

333 4701 368 4764 τῷ
392 4696 502 4764 φεύγοντι
524 4693 660 4763 παρελθεῖν,
686 4693 706 4744 εἰ
730 4693 762 4764 μὴ
786 4695 835 4746 τῶν
859 4694 1007 4754 δικαζόντων
1032 4693 1131 4754 ἕκαστος
1151 4694 1220 4764 ύμῶν
1240 4737 1246 4749 ,
1267 4738 1272 4747 ,
1291 4692 1428 4763 παρασχὼν
1447 4688 1529 4744 έοιυτύν

331 4779 386 4831 ’ἶσον
409 4781 448 4832 καὶ
472 4776 551 4832 κοινόν
575 4779 720 4850 ἀμφοτέροις
743 4779 865 4850 ἀκροατὴν
889 4781 953 4832 ούτω
977 4780 1020 4847 τὴν
1043 4780 1173 4851 διάγνωσιν
1191 4783 1316 4846 ποιήσεται
1335 4781 1389 4849 περὶ
1408 4777 1529 4836 ἁπάντων,
