3530 5536
846 495 1059 550 ..gg-

421 707 464 764 pr.
478 689 528 758 41,
546 707 558 745 a
571 709 613 764 sq.
631 681 707 743 δοκεῖ
723 681 754 742 δέ
767 703 812 757 μοι
824 684 923 760 τρόπον

355 790 413 850 τινά
425 787 471 849 καὶ
483 793 528 848 νῦν
541 787 658 862 ἀμείνων
670 789 688 864 ἡ
700 788 768 864 τύχη
780 784 842 867 περὶ
853 786 924 860 ὑμᾶς

355 899 408 952 τῶν
430 893 615 972 ἐφεστηκότων
637 887 714 950 εἶναι.
746 892 776 950 τδ
800 888 923 968 μὲνγὰρ

356 998 447 1057 ἕκαστ’
457 996 627 1056 ἀπόλλυσθαι
643 1001 691 1070 τῆς
706 1000 759 1053 τῶν
773 993 923 1069 ἐπιμελου-

356 1103 446 1176 μένων
466 1100 566 1172 κακίας
586 1103 697 1174 σημεῖον
714 1101 844 1179 προσήκει
859 1119 923 1157 ποι-

356 1207 451 1284 εῖσθαι,
467 1207 497 1264 τ“ο
515 1205 546 1263 δὲ
563 1204 600 1278 μὴ
617 1204 704 1263 ποίλαι
719 1203 796 1262 πάντ’
806 1202 923 1262 ἀπολω-

354 1311 433 1368 λέναι
448 1315 498 1384 τῆς
513 1309 646 1388 ὑμετέρας
660 1308 745 1386 τύχης
762 1306 921 1386 εὐεργέτημ’

356 1414 446 1492 ἔγωγε
461 1411 553 1492 κρίνω.

457 1709 534 1768 Vide
550 1730 578 1785 p.
597 1713 647 1767 60.

419 1867 462 1924 pr.
479 1827 567 1919 42¹3
592 1846 668 1919 ὑμεῖς
692 1844 716 1904 δ’
725 1843 788 1903 οὑδὲ
810 1843 843 1903 τὰ
866 1847 923 1916 τοῖς

354 1949 454 2022 ἄλλοις
481 1949 651 2024 συμβαίνοντ’
665 1949 810 2020 ἀκούοντες
833 1949 922 2026 ροβη-

354 2055 433 2129 θῆναι
449 2053 574 2133 δύνασθε,
591 2053 685 2112 ἀλλὀῖ
703 2099 709 2113 .
728 2099 746 2131 .,
768 2053 839 2112 ταῦτ’
850 2050 923 2111 aava

353 2157 470 2241 δημοσίᾳ
480 2179 526 2233 μοι
533 2157 632 2217 δοκεῖτ’
639 2157 783 2230 ἀναμένειν
791 2156 923 2228 παθόντες

353 2260 499 2324 αἰσθέσθαι.

1042 703 1108 741 enm
1116 685 1213 760 priore
1227 687 1309 760 parte
1318 683 1355 741 ef.
1366 702 1408 740 or.
1418 683 1546 740 XVIIII

979 793 1038 847 297
1067 793 1144 846 extr.
1172 783 1216 845 ἀεὶ
1245 786 1358 855 σώζουσι
1388 785 1435 858 τἠν
1465 783 1546 844 πόλιν

976 888 1077 969 πολλῷ
1085 896 1139 949 τῶν
1147 891 1353 971 προεστηκότων
1367 889 1477 964 μᾶλλον
1492 886 1545 971 (se.

978 994 1003 1054 οἱ
1018 991 1100 1078 θεοί),
1121 997 1314 1072 posteriorem
1334 997 1372 1054 af.
1389 1015 1454 1053 eum
1471 1014 1513 1053 or.
1529 998 1547 1052 I

980 1107 1017 1160 10
1041 1100 1071 1158 τδ
1092 1098 1142 1174 μὲν
1162 1099 1216 1179 γὰρ
1235 1099 1321 1158 πόλλ’
1334 1097 1545 1156 ἀπολωλεκέναι

976 1203 1045 1262 κατὰ
1061 1205 1106 1262 τ’σν
1121 1203 1245 1277 πόλεμον
1259 1208 1308 1278 τῆς
1324 1203 1461 1280 ἡμετέρας
1473 1202 1545 1277 ἀμε-

975 1306 1057 1378 λείας
1073 1303 1106 1365 σίν
1121 1327 1161 1378 τις
1176 1305 1235 1382 θείη
1252 1304 1373 1384 δικαίως,
1389 1308 1418 1365 τδ
1431 1306 1462 1365 δὲ
1476 1309 1545 1381 μήτε

975 1411 1063 1472 πάλαι
1082 1415 1159 1470 τοῦτο
1179 1412 1341 1470 πεπονθέναι
1362 1456 1367 1469 .
1386 1459 1392 1471 .
1413 1416 1463 1486 τῆς
1480 1412 1544 1491 παρ’

977 1515 1088 1574 ἐκείνων
1100 1512 1152 1598 (sn.
1162 1521 1215 1574 τῶν
1224 1511 1308 1598 θεῶν)
1320 1514 1422 1587 εάνοίοις
1431 1515 1544 1595 εάεργέ-

976 1620 1041 1694 τημ’
1051 1622 1082 1677 ἀν
1100 1620 1190 1698 ἔγωγε
1205 1619 1288 1695 θείην.

1040 1866 1082 1904 or.
1096 1848 1223 1905 XVIIII
1238 1851 1299 1904 224
1317 1844 1482 1903 ἐκλελύσθαι
1498 1865 1544 1919 μοι

976 1948 1081 2008 δοκεῖτε
1090 1947 1136 2007 καὶ
1148 1949 1242 2007 παθεῖν
1256 1949 1400 2023 ἀναμένειν
1412 1949 1445 2006 τὰ
1458 1949 1542 2027 δεινοί,

976 2053 1084 2132 ἐτέρους
1101 2051 1131 2110 δέ
1144 2054 1299 2130 πάσχοντας
1316 2053 1432 2133 δρῶντες
1448 2054 1476 2112 σύ
1493 2074 1542 2131 ρυ-
1589 2091 1593 2096 -

975 2157 1119 2215 λοίττεσθαι
1136 2155 1198 2216 οὐδὲ
1213 2156 1357 2236 φροντίζειν
1375 2204 1381 2216 .
1400 2203 1407 2218 .

457 2405 609 2468 Quaedam
631 2403 794 2463 verbositas
822 2403 899 2459 inest
926 2402 956 2459 in
983 2402 1099 2476 longius
1122 2403 1262 2460 arcessita
1284 2404 1441 2461 verborum
1464 2421 1541 2460 eom-

352 2508 498 2584 positione
514 2504 613 2564 δοκεῖτ’
623 2506 767 2578 οῖναμένειν
778 2504 911 2574 παθόντες
927 2501 1073 2563 αἰσθέσθαι.
1097 2526 1233 2582 compara
1248 2506 1358 2563 iustum
1371 2525 1403 2564 ae
1415 2506 1542 2582 simplex

353 2608 458 2668 δοκεῖτε
475 2656 482 2669 .
501 2655 508 2668 .
525 2611 620 2668 παθεῖν
637 2608 791 2688 ἀναμένειν,
808 2613 884 2688 quod
903 2611 933 2667 in
950 2630 991 2667 or.
1009 2612 1146 2668 XVIIII.
1163 2610 1282 2684 legitur.

417 2787 461 2844 pr.
480 2771 558 2836 56,1
579 2765 609 2823 τδ
626 2764 657 2824 δὲ
678 2766 715 2839 μὴ
737 2763 921 2838 βουλομένους

353 2870 460 2929 ἀκούειν
496 2868 634 2944 βιάζεσθαι
663 2869 806 2939 παντελῶς
834 2869 919 2946 ἔγωγ’

353 2972 463 3052 αἰσχρόν
479 2975 597 3052 ἡγοῦμαι
614 2968 692 3033 εἷναι.

1038 2787 1079 2824 or.
1096 2768 1223 2825 XVIIII
1241 2770 1301 2823 206
1319 2762 1396 2822 σὐδὲν
1412 2763 1465 2841 γὰρ
1480 2763 1541 2822 πώ-

972 2868 1031 2927 ποτ’
1041 2867 1095 2926 οὔτ’
1104 2864 1258 2944 ἠνώχλησα
1270 2865 1330 2926 οὔτε
1345 2868 1382 2942 μὴ
1399 2867 1539 2940 βουλομέ-

973 2992 1034 3042 νους
1053 2973 1123 3047 ὑμᾶς
1145 2971 1302 3046 βεβίασμαι.
1334 2975 1371 3031 ef.
1389 2974 1479 3030 etiam
1496 2993 1539 3030 or.

975 3085 1024 3149 21,
1042 3099 1079 3137 rsa
1096 3075 1118 3135 εί
1136 3077 1213 3151 μὲνό
1229 3076 1421 3151 συμβουλεύων
1438 3077 1452 3134 ό
1467 3096 1491 3133 τι
1507 3078 1539 3133 ἀν

973 3183 1116 3266 συμφέρειν
1131 3181 1192 3256 ὑμῖν
1208 3182 1317 3258 ἡγῆται,
1333 3177 1381 3238 καί
1395 3180 1465 3239 τοῦτ’
1476 3180 1540 3259 ἀχρι

972 3289 1018 3343 τού
1034 3284 1120 3359 μηδὲν
1136 3285 1197 3358 ύμῖν
1214 3283 1339 3361 ἐνοχλεῖν
1356 3283 1428 3359 μηδὲ
1444 3283 1539 3356 βιάζε-

973 3390 1042 3467 σθαι,
1056 3389 1145 3468 ῥήτωρ
1159 3387 1239 3467 ἐστίν,
1253 3386 1313 3448 σύτε
1325 3388 1471 3465 ρύγοιμ’ἀν
1485 3386 1538 3447 οὔτ’

974 3493 1143 3572 ἀπαρνοῦμαι
1158 3497 1234 3551 τοῦτο
1249 3491 1377 3567 τούνομα.

455 3635 540 3698 Quod
562 3634 592 3690 in
612 3634 762 3710 prooemio
780 3637 819 3691 56
841 3633 1022 3704 enuntiatur,
1045 3635 1171 3711 quodam
1192 3635 1277 3690 modo
1295 3635 1461 3692 conclusum
1477 3653 1539 3691 esse

350 3739 472 3799 videtur
487 3758 503 3796 e
518 3739 728 3796 Demosthenis
744 3741 806 3796 loeo
823 3758 864 3796 or.
881 3740 1017 3796 XVIIII.

415 3897 459 3952 pr.
477 3880 527 3948 52,
548 3897 560 3935 a
582 3875 666 3953 ἔγωγ’
678 3874 747 3934 ούτω
762 3875 853 3954 πόρρω
870 3894 918 3933 νο-

351 3977 420 4053 μίζω
436 3977 484 4052 τὴν
504 3979 584 4037 πόλιν
605 3974 673 4038 εἶναι
689 3982 734 4037 τού
753 3978 830 4054 δίκην
845 3978 919 4059 παρὰ

349 4088 402 4141 τῶν
420 4082 582 4141 ἀδικούντων
602 4082 756 4157 λαμβάνειν
772 4083 918 4160 ὥστ’ἀγα-

349 4187 433 4260 πητδν
456 4181 525 4244 είναί
548 4207 594 4261 μοι
617 4186 702 4264 δοκεῖ,
727 4189 759 4244 ἀν
782 4187 855 4257 ὅπως
880 4187 917 4261 μὴ

298 4323 303 4328 „
348 4289 474 4350 πείσεσθε
490 4297 583 4362 κακῶς
599 4290 712 4367 δύνησθε
728 4290 917 4370 φυλάττεσθαι.

1037 3898 1078 3936 or.
1089 3880 1139 3935 III
1150 3884 1165 3936 1
1179 3875 1213 3932 τὰ
1225 3874 1255 3933 δὲ
1266 3875 1406 3954 πράγματ’
1413 3873 1451 3945 εἰς
1461 3879 1538 3934 τοῦτο

972 3981 1127 4059 προήκοντα
1149 3978 1202 4062 (sa.
1219 3974 1288 4061 δρῶ)
1310 3979 1389 4056 ὥστε,
1410 3981 1484 4050 ὅπως
1500 3980 1538 4053 μὴ

970 4084 1111 4158 πεισόμεθ’
1123 4081 1197 4142 αύτσῖ
1209 4084 1338 4162 πρότερον
1350 4088 1455 4160 κακῶς,
1472 4083 1538 4141 σκέ-

971 4189 1069 4265 ψασθαι
1088 4187 1158 4246 δέον.

453 4433 547 4491 Locus
569 4433 601 4490 in
624 4452 666 4491 or.
690 4435 749 4504 III,
779 4452 836 4509 qno
860 4432 1050 4506 singulariter
1072 4432 1228 4508 Philippus
1250 4433 1364 4508 petitur
1388 4427 1439 4512 (af.
1464 4451 1538 4508 qnae

350 4538 532 4612 praecedunt
546 4533 607 4605 τοὺς
624 4533 674 4609 μὲν
689 4533 742 4613 γὰρ
758 4533 860 4612 λόγους
874 4530 936 4613 περί
951 4537 996 4593 τού
1008 4535 1210 4612 τιμωρήσασθαι
1223 4533 1362 4593 Φίλιππον
1374 4534 1429 4612 ὁρῶ
1440 4553 1537 4611 γιγνο-

351 4639 458 4716 μένους,
474 4637 508 4696 τά
524 4637 554 4696 δὲ
567 4638 716 4716 πράγματ’.
735 4634 769 4718 .),
787 4639 818 4696 in
833 4640 983 4716 prooemio
999 4641 1137 4700 universe
1152 4643 1188 4698 ad
1205 4660 1262 4711 eos,
1280 4640 1330 4717 qui
1348 4640 1462 4699 nivibus
1477 4640 1537 4696 suis

349 4745 483 4800 fraudem
499 4745 641 4815 inferunt,
658 4745 845 4802 transfertur.
