3530 5536
774 481 1011 534 —102-

297 663 373 722 nihil
389 665 472 725 verbi
488 667 594 724 addam
609 686 642 726 aa
658 687 695 724 ne
711 666 811 724 multis
827 686 934 741 morer,
956 689 1045 745 quam
1060 689 1201 728 summam
1217 669 1340 728 fecerim
1355 670 1487 747 disputa-

298 768 388 828 tionis
404 791 495 843 meae,
514 793 590 832 nunc
606 793 762 849 exponam.

401 877 555 935 Prooemia
563 898 638 956 quae
646 882 699 937 sub
706 879 915 940 Demosthenis
925 879 1044 938 nomine
1053 879 1310 950 circumferuntur,
1324 884 1358 936 ιιι
1368 885 1488 956 propter

297 981 490 1056 plurimorum
509 984 639 1042 locorum
654 985 740 1042 modo
755 991 888 1062 apertam
905 985 989 1041 modo
1009 991 1117 1043 tectam
1133 983 1369 1054 similitudinem,
1391 987 1486 1043 elocu-

296 1087 386 1144 tionis
399 1089 514 1164 planam
526 1088 777 1165 aequabilitatem,
792 1095 1003 1164 cougruentem
1015 1090 1124 1167 ubique
1136 1089 1378 1165 compositionem
1390 1089 1488 1146 omnia

297 1193 333 1251 ab
342 1211 400 1249 uuo
409 1194 571 1270 eodemque
583 1193 704 1251 homine
718 1194 878 1271 composita
890 1195 1021 1270 putanda
1032 1199 1110 1271 suut,
1122 1194 1164 1252 sic
1176 1194 1286 1252 iniuria
1294 1194 1487 1252 Demostheni

296 1296 476 1368 tribuuntur,
494 1303 650 1374 propterea
662 1301 749 1377 quod,
766 1318 944 1377 quamquam
959 1297 991 1356 iu
1003 1299 1175 1359 universum
1190 1301 1276 1356 laude
1288 1298 1388 1377 aliqua
1399 1298 1488 1373 digna

297 1407 373 1473 sunt,
390 1403 530 1479 pleraque
546 1407 645 1461 tamen
661 1403 806 1462 imitando
822 1425 838 1462 a
853 1404 925 1462 locis
937 1403 1175 1463 Demosthenicis
1189 1423 1328 1480 expressa
1343 1424 1406 1462 esse
1421 1423 1488 1461 cum

297 1507 363 1566 aliis
374 1505 504 1580 indiciis,
521 1515 585 1566 tum
598 1509 661 1585 ipsa
672 1511 801 1567 locorum
813 1509 1064 1586 pervestigatione
1076 1514 1107 1567 et
1118 1509 1335 1585 comparatione
1348 1509 1487 1566 effectum

296 1619 350 1671 est.
381 1633 414 1672 ac
429 1633 486 1672 non
504 1614 584 1671 nulla
599 1613 690 1672 etiam
705 1613 847 1691 principis
862 1614 981 1673 nomine
997 1619 1155 1684 oratorum,
1180 1633 1236 1691 quo
1253 1633 1306 1672 nee
1321 1613 1488 1688 graviorem

296 1717 432 1777 extitisse
452 1738 630 1796 quemquam
650 1738 704 1778 nea
722 1718 906 1778 callidiorem
926 1737 980 1776 uec
999 1717 1240 1795 temperatiorem
1255 1737 1307 1775 suo
1323 1717 1388 1776 iure
1403 1737 1487 1794 prae·

296 1821 409 1881 dicavit
427 1823 675 1899 locupletissimus
690 1829 792 1882 auctor
807 1824 909 1881 Cicero
927 1822 982 1901 (or.
1004 1827 1031 1894 7,
1050 1816 1116 1904 23),
1138 1828 1260 1899 propter
1274 1823 1489 1912 sententiarum

295 1929 481 2004 quarundam
500 1934 531 1986 et
552 1935 791 2004 argumentorum
811 1929 1026 2005 expositionem
1050 1949 1154 2004 parum
1174 1928 1356 2005 probabilem
1374 1947 1407 1986 ao
1427 1947 1487 1985 ser·

296 2052 413 2090 monem
428 2054 446 2091 a
461 2034 670 2092 Demosthenis
690 2039 720 2093 et
735 2033 903 2092 Atticorum
923 2034 1038 2092 ratione
1058 2034 1209 2093 diversum
1229 2053 1345 2109 prorsus
1366 2031 1488 2107 indigna

295 2143 415 2213 reperta
434 2143 511 2197 sunt.
542 2139 676 2197 confecta
695 2144 795 2198 autem
816 2139 957 2199 videntur
976 2158 1038 2196 esse
1058 2141 1094 2196 ab
1112 2139 1233 2196 homine
1255 2138 1287 2195 iu
1307 2137 1488 2195 orationibus

211 2315 217 2321 Π
295 2242 504 2301 Demosthenis
525 2244 578 2302 diu
597 2249 628 2301 et
647 2244 773 2301 multum
788 2249 915 2314 versato,
938 2243 990 2319 qui
1009 2243 1144 2321 quamvis
1165 2238 1292 2299 ἀττικιστὶ
1310 2245 1401 2319 probe
1417 2242 1487 2300 scri-

295 2346 388 2423 psisse
403 2349 551 2424 putandus
566 2347 614 2418 sit,
631 2347 800 2405 Atticorum
816 2353 914 2406 tamen
930 2347 1107 2422 elegantiam
1123 2347 1263 2424 loquendi
1279 2346 1487 2424 cogitandique

296 2451 452 2510 sanitatem
465 2459 498 2510 ut
511 2452 644 2530 plerique
656 2471 756 2509 omnes
768 2452 918 2529 sequiores
930 2472 987 2509 uon
1003 2458 1064 2509 tam
1080 2453 1166 2528 plane
1178 2451 1297 2528 excepit
1312 2457 1342 2510 et
1357 2451 1485 2522 imbibit,

296 2555 368 2634 quin
389 2557 512 2616 subinde
532 2559 684 2616 deerraret
702 2577 735 2616 ac
755 2559 913 2616 laberetur.
944 2558 996 2634 qui
1016 2559 1103 2615 homo
1124 2577 1141 2614 a
1161 2557 1370 2615 Demosthenis
1390 2561 1487 2614 aetate

295 2681 353 2719 non
367 2662 408 2720 ita
419 2664 505 2737 longo
518 2663 675 2723 intervallo
688 2662 852 2720 disiunctus
864 2663 1028 2739 periculum
1040 2661 1113 2720 fecit
1123 2663 1202 2720 locos
1214 2663 1300 2720 modo
1313 2661 1488 2738 simpliciter

210 2821 214 2829 ‚
296 2760 438 2836 αὺτολεξεὶ
454 2768 624 2845 descriptos,
646 2769 732 2826 modo
752 2766 896 2826 imitando
912 2767 1026 2826 effictos
1043 2772 1074 2824 et
1092 2769 1127 2824 ad
1149 2767 1231 2825 aliud
1251 2786 1309 2824 non
1326 2787 1487 2845 numquam

295 2878 499 2946 argumentum
522 2874 757 2930 adcommodatus
783 2875 815 2932 in
838 2893 930 2931 unum
953 2891 1056 2947 corpus
1080 2871 1239 2946 colligendi
1262 2871 1315 2942 ita,
1344 2877 1385 2929 ut*
1400 2872 1486 2928 modo

296 2995 397 3034 manus
412 2978 448 3033 ab
463 2977 598 3033 addendo
614 2981 645 3034 et
660 2979 800 3035 mutando
816 2976 987 3046 abstineret,
1011 2977 1097 3033 modo
1113 2975 1185 3033 locis
1201 2975 1404 3033 communibus
1419 2994 1486 3032 eon·

295 3079 429 3138 ficiendis
449 3101 516 3138 suas
535 3080 628 3157 ipsius
647 3081 727 3141 vires
746 3082 943 3158 experiretur.
975 3100 1033 3157 qua
1057 3079 1136 3137 inre
1156 3079 1336 3156 perficienda
1352 3080 1487 3155 exempla

294 3184 384 3260 petiit
399 3185 528 3242 maxime
540 3205 556 3243 e
568 3186 787 3256 Demosthenis,
804 3186 912 3242 deinde
925 3204 963 3242 ex
975 3184 1114 3241 Isocratis
1129 3183 1320 3242 orationibus.
1345 3189 1379 3242 ιιι
1394 3184 1487 3258 igitur

295 3289 366 3367 qnid
380 3290 505 3348 sentiam
516 3290 649 3349 breviter
661 3309 815 3367 exponam,
830 3288 871 3348 ita
883 3308 1000 3366 prorsus
1013 3287 1165 3345 existimo:
1180 3288 1331 3364 prooemia
1339 3289 1485 3357 nucleum,

294 3399 327 3451 ut
347 3393 390 3450 ita
405 3393 510 3464 dicam,
531 3399 754 3470 repraesentant
769 3393 1030 3451 Demosthenicum
1047 3399 1115 3449 cute
1130 3411 1147 3448 a
1162 3393 1282 3449 rhetore
1298 3393 1424 3450 obducta
1440 3391 1485 3448 in·

294 3500 414 3556 clusum.
447 3497 640 3574 inscriptione
662 3504 762 3556 autem
778 3495 967 3571 Δημοσθένους
988 3491 1118 3572 προοίμια
1139 3498 1188 3555 vel
1203 3492 1394 3568 Δημοσθένους
1415 3514 1485 3572 προ-

294 3600 369 3674 οίμια
385 3598 559 3678 δημηγορικὰ
578 3602 728 3677 insignita,
749 3607 853 3679 utpote
873 3621 948 3680 qnae
968 3601 1084 3676 singula
1099 3619 1216 3678 quoque
1232 3600 1398 3658 orationum
1415 3619 1485 3678 qua-

293 3707 418 3763 rundam
430 3706 726 3765 Demosthenicarum
737 3706 860 3764 exordia
871 3706 1065 3774 continerent,
1080 3704 1111 3761 in
1124 3704 1343 3782 bybliothecam
1355 3706 1485 3762 Alexan-

295 3810 410 3868 drinam
422 3816 491 3868 sunt
503 3811 595 3868 inlata
607 3816 638 3868 et
648 3831 666 3868 a
677 3811 856 3870 Callimacho
869 3811 932 3869 sine
944 3811 1004 3867 ulla
1016 3808 1182 3884 suspicione
1196 3808 1310 3866 fraudis
1326 3809 1356 3866 in
1373 3810 1486 3866 tabulas

294 3920 413 3991 recepta
427 3916 505 3990 apud
521 3935 621 3973 omnes
637 3915 846 3973 Demosthenis
861 3914 989 3972 nominis
1005 3915 1146 3970 honorem
1162 3919 1317 3972 consecuta
1332 3919 1409 3972 sunt.
1434 3913 1485 3970 scd

293 4019 591 4079 nostracaetatisviri
605 4020 726 4091 eruditi,
737 4019 883 4079 Dobraeei
896 4024 926 4077 et
935 4017 1048 4095 (lebeti,
1057 4017 1170 4075 acriore
1183 4018 1302 4093 ingenio
1315 4018 1485 4095 prudentia-

294 4145 351 4202 que
366 4124 487 4183 fuerunt
502 4145 591 4201 quam
606 4130 639 4183 ut
655 4125 686 4182 in
701 4126 781 4183 hunc
796 4144 927 4183 errorem
943 4144 974 4181 se
990 4121 1091 4181 induci
1107 4127 1289 4198 paterentur.
1298 4116 1321 4203 ¹)

399 4331 418 4395 ¹)
436 4331 515 4380 Hanc
533 4345 584 4396 ego
603 4347 662 4381 cum
686 4337 792 4381 teneam
811 4332 982 4392 seutentiam,
1004 4329 1070 4378 mihi
1088 4329 1235 4378 verendum
1254 4344 1309 4378 uon
1328 4333 1376 4391 est,
1400 4343 1434 4378 ne
1452 4328 1486 4377 ad

293 4432 352 4467 eam
371 4433 426 4467 non
448 4418 546 4482 possim
564 4417 770 4469 adcommodare
789 4418 892 4484 aliquid
909 4418 938 4467 in
962 4417 1012 4467 hac
1030 4417 1213 4482 disputatione
1231 4418 1347 4465 maxime
1366 4429 1485 4465 necessa-

292 4505 370 4566 rium.
402 4505 492 4570 agitur
510 4504 543 4554 de
562 4505 600 4554 eis
619 4504 685 4554 loeis
704 4507 900 4571 prooemiorum
919 4520 986 4571 quos
1004 4505 1032 4553 in
1051 4519 1088 4554 or.
1109 4500 1165 4570 [X]
1186 4508 1213 4552 et
1232 4501 1329 4569 [XIIL]
1349 4507 1398 4551 aut
1415 4507 1486 4551 totos

293 4599 340 4640 aut
362 4590 464 4640 similes
484 4590 572 4640 redire
590 4592 706 4641 vidimus
729 4592 773 4658 (cf.
792 4609 818 4657 p.
837 4595 870 4642 85
889 4591 948 4657 sq).
979 4597 1140 4657 quaerentes
1158 4591 1248 4656 igitur,
1271 4605 1351 4655 quam
1371 4589 1485 4638 necessi-

292 4676 413 4727 tudinem
440 4679 511 4727 inter
536 4676 586 4726 has
609 4680 743 4729 orationes
765 4685 793 4729 et
819 4679 956 4744 prooemia
978 4677 1145 4727 intercedere
1169 4675 1340 4726 statuendum
1364 4677 1407 4739 sit,
1434 4675 1485 4724 hoc

293 4763 436 4817 lucramur.
473 4779 505 4814 ea
522 4768 563 4812 est
581 4763 687 4814 illorum
708 4767 815 4816 maioris
837 4767 920 4832 partis
938 4765 1058 4815 locorum
1077 4769 1180 4827 natura,
1203 4769 1234 4813 ut
1251 4779 1299 4830 per
1317 4778 1347 4814 se
1365 4762 1485 4828 singulos
