3530 5536
695 525 911 578 ..49-

212 710 342 789 τῷλόγῳ
358 719 389 771 et
403 713 484 770 Blass
499 732 577 770 nuno
595 705 654 793 (ed.
669 713 780 770 Teubn.
797 731 901 770 oomm.
918 713 984 770 orit.
1000 732 1029 788 p.
1042 704 1160 791 CXIX)
1177 711 1342 770 Aristidem
1353 713 1403 770 Li-

212 817 390 894 baniumque
399 800 514 875 secutus
524 813 638 893 ἐφίκοιτο
647 810 770 893 τῷλόγῳ
782 817 894 887 scribit,
909 818 1053 891 evulgata
1063 817 1189 874 lectione
1202 817 1233 874 in
1242 837 1283 874 or.
1294 818 1403 875 XIIII.

214 923 300 978 dueta
315 941 377 979 esse
392 921 522 981 videtur.
538 922 602 998 pari
618 922 703 978 modo
719 921 917 997 praestantiae
934 941 1003 978 suae
1019 921 1222 978 testimonium
1237 940 1308 978 mox
1320 941 1404 997 prae-

214 1029 262 1084 bet
277 1023 308 1097 Σ,
328 1025 379 1083 ubi
399 1021 544 1082 λελύσεται
564 1025 688 1101 opponit
706 1025 844 1099 vulgatae
867 1024 989 1083 leotioni
1010 1022 1134 1102 λέλυται,
1156 1045 1230 1102 quae
1251 1025 1282 1082 in
1302 1045 1404 1101 prooe-

215 1130 271 1187 mio
285 1149 402 1208 quoque
416 1129 535 1204 legitur.
552 1129 583 1186 in
597 1128 786 1206 sequentibus
802 1131 893 1188 verba
907 1129 953 1186 τού
970 1125 1060 1185 δοκεῖν
1077 1125 1204 1186 δύνασθαι
1215 1126 1309 1204 λέγειν
1322 1122 1404 1198 δόξαν

215 1233 370 1312 ἐκφέρονται
390 1234 422 1290 in
438 1253 477 1292 or.
500 1235 608 1292 XIIII.
628 1233 824 1309 suspicionem
845 1239 965 1293 movent
980 1233 1217 1310 interpolationis
1232 1233 1332 1310 itaque
1348 1231 1405 1290 dif-

214 1339 290 1397 fioile
306 1344 351 1396 est
362 1338 453 1409 dictu,
471 1357 545 1415 quae
560 1336 636 1396 ratio
651 1339 682 1432 hl.
695 1339 714 1395 l.
728 1337 807 1395 inter
819 1338 982 1396 orationem
994 1343 1024 1395 et
1035 1338 1219 1414 prooemium
1230 1337 1404 1408 intercedat,

215 1443 317 1521 inquo
334 1443 471 1518 genuina,
488 1442 545 1499 nisi
562 1443 658 1514 fallor,
674 1442 762 1500 lectio
778 1443 824 1500 τοῦ
840 1439 967 1499 δύνασθαι
978 1440 1072 1518 λέγειν
1086 1438 1168 1512 δόξαν
1182 1439 1336 1520 ἐκφέρονται
1349 1462 1405 1500 ser-

215 1552 283 1607 vata
302 1552 354 1605 est.
379 1546 647 1623 exploratissimum
667 1551 765 1604 autem
785 1546 861 1603 mihi
882 1551 926 1604 est
941 1548 1026 1623 paulo
1047 1546 1126 1604 infra
1141 1551 1245 1621 arguta
1259 1547 1406 1607 brevitate

217 1652 325 1710 dietum
338 1649 395 1727 ἐγὼ
407 1648 431 1708 δ’
442 1647 552 1708 ἐκείνων
569 1648 619 1723 μὲν
635 1649 743 1708 ἔπαινον
755 1649 800 1707 τδν
812 1651 910 1727 χρόνον
922 1649 1041 1726 ἠγοῦμαι
1056 1650 1182 1726 μέγιστον
1198 1651 1229 1708 in
1242 1671 1283 1710 or.
1296 1652 1405 1709 XIIII.

217 1757 336 1814 exordio
351 1776 456 1816 verum
471 1775 534 1814 esse
549 1775 582 1814 ao
597 1755 758 1832 proprium,
776 1756 848 1813 illud
865 1775 935 1815 vero
951 1755 982 1812 in
998 1777 1042 1831 pr.
1062 1761 1077 1812 7
1095 1756 1174 1813 iners
1189 1760 1220 1814 et
1234 1756 1407 1831 languidum

218 1857 273 1934 ἐγὼ
293 1857 324 1917 δέ
339 1863 388 1933 της
400 1857 450 1933 μέν
467 1856 577 1917 ἐκείνων
594 1854 693 1938 ἀρετῆς
710 1859 835 1936 μέγιστον
860 1858 966 1917 έπαινον
982 1858 1101 1936 ἡγοῦμαι
1117 1859 1161 1916 τδν
1177 1858 1276 1938 χρόνον
1293 1880 1405 1918 summo

217 1970 330 2023 oratore
349 1965 514 2040 indignum.
538 1985 607 2023 nam
626 1971 833 2042 praeterquam
854 1966 930 2042 quod
955 1964 1018 2022 illio
1037 1965 1223 2022 numerosior
1241 1965 1351 2023 aooidit
1370 1967 1407 2022 ad

216 2089 299 2127 aures
315 2069 417 2140 oratio,
439 2072 488 2143 τῆς
503 2067 602 2146 ἀρετῆς
617 2069 649 2126 in
668 2069 817 2146 prooemio
834 2068 944 2126 insulse
958 2068 1119 2144 repetitum
1139 2073 1204 2145 post
1219 2071 1305 2145 paulo
1322 2090 1408 2146 supra

216 2174 344 2250 positum
358 2172 407 2246 τὴν
423 2171 447 2231 δ’
458 2170 568 2230 ἐκείνων
585 2171 682 2248 ἀρετὴν
700 2171 806 2230 ἐλάττω
822 2175 872 2246 τῆς
887 2171 1094 2245 ὑπειλημμένης
1111 2168 1163 2251 (so.
1177 2167 1290 2254 ἀρετῆς)
1307 2194 1409 2231 aurem

217 2278 349 2336 offendit.
380 2284 443 2335 tum
465 2283 546 2336 reete
566 2298 597 2335 se
619 2279 729 2336 habere
749 2279 825 2335 mihi
845 2279 966 2338 videtur
988 2277 1019 2334 in
1040 2297 1081 2344 or.
1102 2278 1211 2335 XIIII.
1234 2279 1310 2355 quod
1334 2279 1365 2335 in
1386 2277 1408 2334 Σ

217 2383 327 2456 legitur
348 2376 371 2437 εἰ
394 2379 444 2453 μέν
467 2381 548 2456 ἡμεῖς
570 2379 687 2450 ἅπαντες
710 2379 735 2438 οἱ
759 2379 912 2454 μέλλοντες
932 2379 1027 2457 λέγειν
1048 2377 1130 2438 δεινοὶ
1150 2379 1296 2458 φανείημεν
1317 2378 1407 2458 ύντεςς

217 2490 360 2564 quotquot
376 2486 455 2543 enim
470 2489 561 2546 verba
577 2486 674 2544 faeere
695 2487 726 2542 in
743 2487 874 2543 animum
890 2487 1082 2556 induxerunt,
1104 2486 1152 2543 his
1168 2487 1303 2545 omnibus
1320 2507 1408 2563 oppo-

217 2591 298 2648 nitur
318 2591 396 2648 infra
411 2591 537 2668 quilibet
551 2610 635 2661 unus,
657 2590 708 2667 qui
725 2591 830 2648 dooere
850 2590 941 2666 possit
960 2587 1000 2659 τίς
1014 2589 1172 2666 παρασκευὴ
1190 2634 1196 2645 .
1215 2633 1221 2645 .
1239 2590 1340 2668 itaque
1357 2591 1408 2668 qui

217 2694 334 2770 proprio
353 2714 386 2752 ao
402 2694 511 2752 diserte
527 2694 731 2768 significantur
744 2695 775 2752 in
792 2715 832 2752 or.
849 2696 957 2752 XIIII.
975 2694 1074 2752 verbis
1091 2690 1114 2749 οἱ
1132 2692 1286 2766 μέλλοντες
1301 2693 1407 2772 λέγειν,

217 2799 355 2858 universe
371 2783 485 2856 tantum
505 2798 537 2855 in
557 2798 705 2874 prooemio
727 2794 751 2853 οἱ
765 2795 897 2873 λέγοντες
914 2799 1062 2856 dicuntur.
1087 2795 1163 2867 ύντες
1178 2803 1277 2857 autem
1293 2805 1410 2857 tantum

218 2905 299 2962 abest
313 2910 347 2961 ut
362 2922 429 2961 oum
443 2903 553 2960 Blassio
571 2901 687 2984 (nomm.
705 2903 770 2961 orit.
787 2924 814 2978 p.
828 2897 975 2983 LXXVI)
992 2903 1136 2974 omittam,
1162 2904 1242 2961 utin
1259 2905 1408 2980 prooemio
1492 2953 1495 2960 .

218 3007 355 3065 omissum
375 3026 462 3081 aegre
477 3007 579 3064 feram.
604 3007 754 3085 aliquanto
771 3007 899 3084 denique
914 3009 979 3083 plus
995 3013 1040 3065 est
1060 3008 1198 3083 ponderis
1218 3009 1250 3066 in
1263 3006 1409 3086 παρελθὼν

195 3192 197 3196 Ι
217 3100 257 3180 εἷς
272 3111 391 3168 ὁστισοῦν
407 3132 495 3189 quam
509 3112 540 3169 in
555 3108 701 3189 παρελθὼν
718 3109 846 3187 ὁστισοῦν,
864 3113 940 3188 quod
957 3112 987 3168 in
1004 3112 1155 3187 prooemio
1172 3113 1309 3171 traditur.
1327 3132 1409 3170 exor-

217 3215 300 3273 dium
315 3215 407 3290 igitur
422 3235 462 3274 or.
472 3217 592 3287 XIIII,
606 3217 631 3273 si
648 3216 800 3274 contendis
813 3235 879 3274 oum
891 3236 934 3291 pr.
951 3219 977 3286 7,
991 3217 1200 3274 Demosthenis
1212 3237 1331 3275 manum
1343 3237 1410 3293 pro-

218 3321 287 3378 dere
303 3320 423 3380 videtur
438 3340 471 3378 ao
486 3341 575 3382 verae
591 3320 654 3379 eius
669 3320 811 3378 lectiones
827 3321 888 3378 illio
904 3322 1036 3378 detortae
1052 3340 1085 3378 ao
1101 3322 1278 3397 depravatae
1294 3341 1366 3380 esse.

282 3444 325 3500 pr.
341 3430 372 3482 8:
386 3421 545 3502 Ἀμφότεροί
557 3443 603 3497 μοι
616 3422 738 3480 δοκοῦσιν
751 3423 786 3480 ά-
907 3445 948 3482 or.
971 3426 1046 3482 XVI
1069 3429 1084 3481 1
1107 3445 1168 3502 sqq.
1190 3420 1345 3502 Ἀμφάτεροί
1365 3443 1409 3498 μοι

219 3528 371 3606 μαρτάνειν,
392 3522 457 3587 did.
475 3527 526 3606 Ἀ,
546 3525 593 3586 καί
609 3525 633 3587 οἱ
648 3528 705 3598 τοῖς
721 3527 786 3606 Ἀρ-
842 3527 964 3586 δοκοῦσιν
981 3528 1155 3606 ἁμαρτάνειν,
1173 3522 1195 3585 ὦ
1212 3526 1239 3585 ά.
1257 3527 1307 3606 Ἀ.,
1324 3525 1370 3586 καί
1386 3527 1411 3585 οἱ

217 3627 280 3689 κάσι
299 3629 345 3689 καὶ
365 3629 388 3688 οἱ
404 3632 460 3702 τοῖς
477 3629 705 3705 Λακεδαιμονίοις
722 3650 785 3690 συν-
841 3633 897 3701 τοῖς
910 3631 1033 3708 Ἀρκάσιν
1049 3627 1094 3689 καὶ
1117 3629 1141 3690 οἱ
1155 3632 1213 3702 τοῖς
1230 3630 1409 3706 Λακεδαιμο-

218 3735 371 3814 ειρηκότες·
385 3737 475 3815 ὥσπερ
486 3734 539 3814 γὰρ
552 3733 596 3814 ἀφ’
604 3736 741 3813 ἑκατέρων
750 3737 786 3810 ἥ·
812 3736 815 3820 l
841 3735 907 3806 νίοις
922 3736 1121 3813 συνειρηκότες·
1145 3738 1235 3814 ὥσπερ
1255 3735 1308 3814 γ“ρ
1325 3734 1410 3814 ἀφ’έ-

218 3860 321 3916 κοντες,
338 3841 388 3918 οὺχ
404 3841 477 3914 Ιύμῶν
490 3840 575 3919 ύντες,
590 3841 658 3920 πρδς
669 3841 715 3911 ούς
729 3840 785 3914 ἀμ·
841 3841 963 3918 κατέρων
977 3841 1100 3918 ἥκοντες,
1118 3841 1168 3916 ούχ
1180 3840 1254 3915 ὑμῶν
1266 3839 1342 3911 ύντες
1353 3861 1411 3902 πο·

219 3946 323 4022 φότεροι
346 3943 584 4027 πρεσβεύονται,
608 3948 787 4022 κατηγοροῦσι
842 3941 937 4021 λῖται,
954 3945 1022 4023 πρδς
1039 3945 1085 4014 οὒς
1097 3939 1241 4022 ἀμφότεροι
1253 3943 1411 4027 πρεσβεύ-

218 4045 264 4106 καὶ
274 4047 468 4122 διαβάλλουσιν
477 4048 631 4122 ἀλλήλους.
645 4045 677 4124 ἦν
688 4048 718 4106 δὲ
727 4052 787 4107 τοῦ·
842 4047 954 4128 ουσιρ)
968 4051 1147 4126 κατηγοροῦσι
1159 4046 1205 4106 καί
1216 4047 1412 4122 διαβάλλουσιν

218 4171 249 4209 το
269 4150 319 4224 μέν
341 4156 394 4209 τῶν
415 4151 570 4230 ἀφιγμένων
593 4152 681 4231 ἔργον,
705 4154 736 4210 τ“ο
758 4151 788 4210 δέ
843 4152 998 4226 ἀλλήλους.
1025 4149 1057 4228 ἦν
1075 4151 1106 4210 δὲ
1121 4156 1197 4211 τοῦτο
1215 4152 1265 4227 μὲν
1280 4158 1333 4211 τῶν
1350 4148 1411 4231 ἀφι-

219 4261 316 4326 κοινῶς
338 4255 403 4334 ύπέρ
425 4260 478 4314 τῶν
500 4259 668 4334 πραγμάτων
693 4257 788 4336 λέγειν
843 4259 953 4334 γμένων
967 4257 1057 4335 ἔργον,
1074 4258 1103 4315 τδ
1120 4256 1150 4315 δὲ
1168 4262 1266 4329 κοινῶς
1280 4257 1344 4336 ὑπὲρ
1360 4262 1412 4315 τῶν

219 4358 308 4419 καὶτὰ
317 4360 436 4434 βέλτισθ’
446 4359 511 4438 ὑπὲρ
523 4361 597 4435 ὑμῶν
607 4364 717 4421 σκοπεῖν
727 4362 790 4420 ἄνευ
842 4363 1011 4439 πραγμάτων
1020 4361 1115 4438 λέγειν
1124 4358 1212 4420 καὶτὰ
1222 4361 1412 4440 βέλτισθ’ύπέρ

220 4464 384 4542 φιλονεικίας
404 4470 458 4523 τῶν
479 4465 575 4523 ἐνθάδε
596 4465 790 4540 συμβουλεύειν
844 4465 918 4539 ὑμῶν
931 4469 1041 4524 σκοπεῖν
1052 4465 1114 4524 ἄνευ
1128 4465 1292 4543 φιλονεικίας
1301 4471 1354 4523 τῶν
1365 4464 1412 4523 ἐν-

221 4564 372 4640 ἀξιούντων.
394 4573 438 4627 νῦν
455 4568 479 4628 δ’
491 4568 592 4647 ἔγωγε,
610 4569 637 4627 εἴ
649 4590 689 4640 τις
704 4571 790 4628 αὐτῶν
845 4569 912 4627 otas
932 4569 1125 4644 συμβουλεύειν
1146 4566 1300 4641 ἀξιούντων.
1323 4572 1367 4627 νϋν
1388 4569 1414 4626 δ’

322 4797 343 4860 ²)
362 4791 533 4859 πρεσβεύονται
553 4794 624 4858 vulg.

272 4887 413 4934 Swoboda„
424 4887 455 4927 De
465 4887 575 4927 Demosth.
593 4897 686 4936 prooem.
