3530 5536
817 448 1029 501 ..56-

332 629 430 716 εἷχεΛ)
454 637 498 692 νῦν
516 633 546 692 δὲ
562 635 723 716 φοβοῦμαι
741 627 807 713 μέν,
825 633 900 706 ὅμως
925 630 928 714 γ
952 634 996 689 νῦν
1013 629 1038 687 δ’
1049 621 1102 692 ἐπ’
1115 627 1244 712 ἀδήλοις
1263 623 1352 690 ούσιν
1371 631 1439 703 τοῖς
1454 627 1520 689 ἀπὸ

332 735 368 802 dd
391 737 412 799 ἀί
433 756 468 818 γε
483 736 624 800 πιστεύω
647 736 766 820 χρηστὰ
788 739 899 820 φανεῖ·
953 735 1073 798 τούτοιν
1092 733 1216 819 ἐμαυτῷ
1237 728 1463 817 γενησομένοις,
1488 732 1520 788 ὅ-

332 844 424 921 odos,
441 840 500 904 κάν
511 839 599 923 ὑμεῖς
610 835 832 925 μηπεισθῆτε,
847 841 902 902 οῦκ
955 861 1013 915 μως
1021 835 1078 902 ἐπὶ
1085 845 1130 924 τῷ
1139 833 1294 900 συνοίσειν
1301 835 1382 919 ὑμῖν,
1392 837 1431 899 ἀν
1438 838 1521 920 πρά-

332 941 564 1030 ἀποτρέψομαι
579 945 683 1024 λέγειν.
954 940 1036 1028 ξητε,
1052 949 1152 1006 ταῦτα
1167 944 1350 1005 πεπεῖσθαι
1364 942 1458 1021 λέγειν
1471 932 1522 1003 αἱ·

955 1053 1079 1131 ροῦμαι.

437 1155 495 1220 Qui
508 1157 538 1212 in
551 1176 594 1231 pr.
610 1159 648 1212 23
662 1155 780 1231 scripsit
792 1156 836 1212 νῦν
849 1150 881 1211 δὲ
893 1151 1026 1230 φοβοῦμαι
1039 1152 1099 1231 μέν,
1116 1153 1191 1226 ὅμως
1204 1150 1234 1210 δὲ
1250 1153 1311 1229 ἅγε
1322 1151 1436 1210 πιστεύω
1448 1171 1522 1230 χρη-

333 1257 383 1318 στὰ
398 1258 544 1337 φανεῖσθαι,
561 1259 611 1316 κάν
627 1257 703 1332 Ιύμεῖς
727 1258 765 1332 μὴ
780 1258 917 1336 πεισθῆτε,
934 1258 983 1316 σῦκ
994 1257 1181 1336 ἀποτρέψομαι
1192 1256 1297 1333 λέγειν,
1315 1262 1449 1316 extrema
1460 1277 1523 1315 ora-

333 1365 422 1424 tionis
431 1365 508 1422 ΙΙΠ.
518 1365 609 1423 verba
620 1365 705 1440 plane
717 1365 858 1440 corrupit.
870 1369 904 1421 ut
917 1365 997 1422 enim
1005 1363 1091 1422 fortis
1099 1363 1223 1421 oratoris
1232 1367 1276 1420 est
1284 1363 1397 1420 dicero:
1410 1349 1523 1440 ‘quam-

334 1489 422 1548 quam
437 1469 469 1524 in
485 1468 597 1526 incerto
614 1473 668 1539 est,
685 1469 757 1546 quid
773 1469 844 1527 hino
859 1469 935 1526 mihi
951 1473 1127 1529 eventurum
1142 1467 1190 1538 sit,
1207 1471 1305 1524 tamen
1322 1467 1392 1544 qnia
1406 1486 1524 1543 persua-

335 1594 398 1630 sum
418 1575 511 1631 habeo
527 1574 600 1631 haec
616 1573 640 1630 si
660 1573 793 1631 feceritis
809 1573 892 1632 vobis
907 1574 971 1631 fore
987 1573 1084 1644 utilia,
1105 1574 1196 1632 verba
1210 1572 1306 1629 facere
1322 1561 1460 1642 institui'‚
1481 1571 1525 1628 ita

335 1674 469 1754 φοβοῦμαι
482 1675 542 1753 μέν,
561 1675 636 1748 ὅμως
652 1673 684 1734 δὲ
702 1723 707 1736 .
723 1721 729 1735 .
743 1675 792 1734 οῦκ
806 1674 995 1755 ἀποτρέψομαι
1007 1674 1101 1753 λέγειν
1114 1683 1231 1734 strenuo
1243 1681 1358 1734 oratore
1370 1675 1526 1750 indignum

336 1801 368 1840 ae
384 1801 501 1858 prorsus
517 1781 676 1840 ridiculum
692 1787 745 1840 est.
767 1782 864 1839 simile
880 1782 950 1858 qnid
973 1781 1103 1858 reperias
1119 1783 1196 1858 apud
1212 1781 1411 1856 impostorem,
1429 1779 1479 1857 qui
1495 1799 1525 1836 o-

336 1886 482 1944 rationem
498 1888 538 1943 X.
555 1886 704 1956 conflavit,
721 1884 736 1962 §
750 1888 788 1944 35
807 1891 884 1944 extr.
899 1880 961 1964 περὶ
976 1876 1007 1943 οὗ
1021 1885 1090 1942 πάνυ
1106 1882 1157 1958 μὲν
1172 1883 1304 1962 φοβοῦμαι
1321 1879 1379 1965 (ita
1394 1882 1429 1961 23
1446 1886 1524 1959 vulg.

337 1990 421 2048 addit
435 1984 555 2067 λέγειν),
572 1989 602 2046 οῦ
618 1988 672 2063 μὴν
688 1987 755 2046 ἀλλ’
766 1988 829 2067 ἐρῶ.

403 2115 447 2171 pr.
465 2099 493 2165 2,
512 2114 522 2151 1
543 2089 615 2169 Οἷιχὶ
634 2092 717 2151 ταύτὰ
732 2095 904 2171 γιγνώσκειν,
1025 2115 1066 2154 or.
1080 2097 1130 2151 HI
1148 2099 1163 2151 1
1182 2090 1254 2168 Οῐιχὶ
1269 2091 1352 2150 ταῦτὰ
1366 2090 1528 2170 παρίσταταί

337 2193 402 2256 tt.
420 2197 467 2274 ’A.‚
488 2193 648 2276 παρίσταταί
663 2217 718 2275 μοι,
735 2196 798 2255 ὅταν
818 2197 856 2259 τό
875 2217 905 2255 τε
961 2218 1006 2270 μοι
1022 2199 1193 2276 γιγνώσκειν,
1214 2192 1236 2255 ὦ
1257 2197 1283 2255 ἀ.
1301 2196 1352 2274 Ἀ,
1372 2197 1435 2254 ‘orm
1450 2195 1474 2253 τ’
1483 2193 1529 2270 εἰς

336 2308 391 2387 τῆς
410 2295 574 2376 πολιτείας
594 2297 694 2383 ἀνομα
708 2299 795 2383 ὑμῶν
810 2301 906 2363 ἀκού·
959 2303 999 2362 τά
1022 2292 1183 2384 πράγματ)
1192 2295 1371 2383 ἀποβλέψαι
1394 2296 1441 2358 καὶ
1465 2301 1527 2357 ὅταν

338 2426 384 2468 σω
407 2404 453 2464 καὶ
470 2407 533 2464 ὅταν
548 2406 603 2467 τάν
618 2405 739 2488 τρόπον
753 2402 788 2468 ὃν
803 2426 906 2488 προσ·
932 2401 935 2488 Ι
960 2406 1040 2488 πρὸς
1054 2408 1127 2480 τοὺς
1142 2401 1316 2486 λύγονςοίλς
1327 2403 1440 2466 ἀκούοι.
1457 2406 1529 2479 τοὺς

338 2505 489 2594 φέρονται’
514 2531 596 2586 τινες
622 2508 708 2592 ύμιῦν
733 2515 802 2586 τοῖς
827 2509 906 2594 ύπὲρ
961 2509 1011 2585 μὲν
1027 2509 1080 2588 γὰρ
1098 2557 1103 2567 .
1123 2557 1129 2567 .
1146 2510 1200 2588 ὁρῶ
1218 2557 1224 2568 .
1242 2555 1261 2586 .,
1284 2508 1370 2569 τὰδὲ
1387 2557 1393 2569 .
1412 2555 1420 2567 .

337 2614 452 2699 ταύτης
466 2610 608 2696 λέγουσιν
623 2607 693 2678 iilo).
718 2617 773 2699 τὴν
790 2615 839 2690 μὲν
854 2615 908 2695 γὰρ
1300 2626 1303 2632 ’

339 2723 450 2780 ..τῶν
466 2718 520 2777 δὲ.
541 2765 547 2778 .
565 2720 628 2797 ὁρῶ.

443 2827 524 2888 Quae
544 2826 576 2882 in
592 2847 635 2901 pr.
655 2831 671 2882 2
689 2831 801 2882 mutata
822 2831 898 2895 sunt,
918 2825 1071 2900 sophistici
1088 2831 1155 2881 sunt
1171 2824 1323 2881 acuminis.
1346 2829 1530 2899 praetereae

337 2929 546 2986 Demosthenis
566 2929 706 3005 loquendi
728 2949 835 3003 genere
856 2950 892 2987 no
913 2934 992 2986 reete
1013 2928 1133 3006 quidem
1153 2929 1263 2986 dicitnr
1281 2927 1311 2984 το
1326 2931 1375 3000 τῆς
1389 2925 1530 2997 πολιτείας

339 3032 433 3106 ὄνομα.
451 3033 531 3091 idom
547 3034 578 3090 in
592 3034 701 3093 vitium
717 3033 833 3104 incidit,
852 3035 902 3111 qui
915 3033 1078 3090 orationem
1090 3035 1182 3090 XIII.
1199 3033 1343 3090 olaciniis
1355 3035 1529 3090 Demosthe-

338 3138 413 3196 nicis
429 3138 652 3212 conglutinavit,
670 3136 685 3214 ξ
700 3143 754 3208 29;
772 3144 802 3195 at
818 3138 917 3215 inepte
930 3138 1009 3195 dieta
1020 3157 1078 3194 non
1090 3138 1261 3194 fefellerunt
1276 3137 1465 3210 sagacitatem
1477 3139 1529 3194 Co·

256 3263 263 3276 ·
337 3242 409 3313 beti,
426 3242 508 3300 cuius
523 3245 614 3302 verba
626 3242 709 3301 Misc.
723 3243 788 3300 crit.
802 3263 830 3318 p.
846 3247 884 3299 22
901 3243 997 3319 posita
1008 3241 1056 3299 hio
1068 3241 1157 3298 liceat
1168 3243 1298 3298 adferre:
1315 3229 1334 3298 ‘.
1354 3287 1360 3298 .
1376 3261 1530 3317 perperam

339 3348 389 3404 ille
405 3346 538 3425 quisquis
554 3353 599 3404 est
612 3340 651 3420 τῷ
666 3348 715 3418 τῆς
729 3343 869 3412 πολιτείας
885 3341 995 3419 ὀνόματι
1010 3342 1190 3421 ἀκολούθους,
1207 3346 1317 3420 cogitat
1332 3347 1411 3402 enim
1428 3348 1463 3402 dc
1479 3367 1530 3403 no-

340 3453 418 3509 mine
442 3447 636 3530 δημοκρατίας,
667 3454 718 3509 sed
741 3447 866 3508 ἀττικιστὶ
888 3453 1068 3509 democratia
1089 3450 1105 3524 ἡ
1129 3446 1253 3506 πολιτεία
1276 3452 1449 3526 appellatur,
1473 3471 1531 3508 non

339 3544 460 3614 contra³.
492 3558 530 3614 cf.
547 3555 620 3615 ibid.
633 3577 662 3632 p.
677 3560 727 3627 37,
744 3556 794 3614 nbi
810 3556 1005 3632 Harpocratio
1021 3556 1105 3613 testis
1121 3555 1294 3631 producitur
1309 3576 1331 3613 s.
1347 3576 1376 3615 v.
1393 3552 1531 3612 colae-Ia:

340 3655 415 3730 ἰδίως
431 3655 539 3716 εἰώθασι
555 3654 593 3736 τῷ
609 3658 721 3733 ὀνόματι
734 3658 850 3737 χρῆσθαι
866 3656 890 3716 οἱ
907 3657 1019 3736 ῥήτορες
1036 3655 1079 3716 ἐπὶ
1093 3663 1142 3732 τῆς
1158 3655 1343 3736 δημοκρατίας
1363 3665 1393 3717 et
1408 3681 1435 3736 p.
1453 3664 1530 3730 4663

341 3765 448 3822 deindo
465 3765 597 3822 eiusdem
612 3766 680 3822 Vas.
693 3767 773 3822 lectt.
790 3786 818 3840 p.
833 3769 892 3822 327
910 3766 977 3822 adn.
994 3769 1021 3822 1.
1045 3765 1094 3822 hic
1110 3784 1226 3842 quoque
1242 3764 1349 3823 divisio
1370 3765 1401 3821 in
1417 3785 1458 3822 or.
1471 3767 1531 3822 ΠΙ.

341 3871 417 3926 facta
428 3866 489 3937 τοὺς
502 3866 552 3941 μὲν
564 3865 747 3946 γάρ..ύρῶ.
764 3912 781 3945 .,
795 3866 828 3923 τά
842 3865 892 3924 δὲ.
908 3869 1076 3926 .retinctur
1090 3870 1119 3926 in
1130 3869 1294 3945 prooemio:
1312 3867 1360 3940 τἠν
1373 3867 1423 3942 μὲν
1435 3866 1531 3948 γὰρ..
1590 3867 1592 3876 ’

341 3970 441 4030 τῶνδὲ
459 4018 465 4030 .
484 4016 490 4030 .
508 3970 571 4050 ἀρῶ.
589 3974 626 4031 cf.
643 3993 671 4048 p.
688 3976 737 4030 53.

341 4197 450 4260 quaein
463 4210 546 4260 marg.
560 4193 579 4243 Σ
592 4212 625 4245 ιιι.
641 4211 659 4245 s.
674 4195 733 4244 XII.
747 4196 882 4261 adscripta
895 4200 943 4258 est,
957 4199 1096 4260 acceptam
1109 4194 1194 4244 video.
1209 4196 1274 4244 mihi
1287 4196 1394 4261 quidem
1408 4196 1475 4246 illud
1488 4197 1532 4246 ob·

341 4284 411 4332 iacto
422 4298 477 4331 non
486 4281 576 4331 addito
587 4281 764 4347 personaliter
774 4275 873 4331 dictum
884 4281 1073 4346 displicet,hoc
1083 4282 1146 4331 forti
1156 4288 1261 4331 oratore
1271 4283 1412 4348 indignum
1418 4284 1531 4334 videtur.

449 4368 467 4432 1)
486 4368 580 4418 Lectio
600 4360 649 4436 εἶχε
668 4368 795 4419 librorum
810 4383 942 4418 consensu
955 4367 1111 4418 confirmata
1123 4384 1221 4433 magno
1234 4384 1313 4433 opere
1326 4369 1472 4420 sollicitata
1484 4378 1532 4420 est.

341 4457 441 4521 primns
460 4456 567 4521 quidem
581 4455 735 4505 Felicianus
753 4456 891 4521 proposuit
910 4445 967 4517 εἶπε,
987 4456 1057 4518 quod
1069 4456 1169 4505 Reiskc
1187 4462 1214 4504 ct
1226 4455 1333 4505 Bekker
1347 4456 1398 4520 (cd.
1412 4457 1532 4507 Tauchn.

343 4533 416 4606 εἶπεν)
434 4547 601 4608 receperunt.
629 4543 657 4590 in
677 4542 718 4592 cd.
731 4542 846 4592 Paulina
864 4541 963 4607 legitur
981 4533 1054 4604 εἷπον,
1075 4541 1145 4606 quod
1165 4542 1304 4591 Voemclio
1323 4542 1432 4608 placuit.
1460 4550 1532 4594 recte

341 4643 405 4677 vero
424 4629 550 4679 librorum
570 4630 758 4679 auctoritatem
778 4634 889 4678 tuantur
907 4628 1025 4678 Dindorf
1041 4644 1073 4678 ac
1093 4627 1207 4694 Sauppe.
1243 4633 1361 4678 ceterum
1381 4630 1413 4678 cf.
1434 4637 1531 4692 notam,

344 4730 412 4780 quae
430 4716 574 4780 praecedit.
