3530 5536
836 464 1049 518 „14-

453 651 517 710 Hoc
527 671 598 712 vero
612 651 729 710 omnino
741 651 902 709 tenendum
917 655 971 722 cst,
988 651 1113 709 dicenda
1128 671 1191 710 esse
1205 653 1281 710 bono
1298 656 1328 710 et
1343 653 1461 710 cordato
1476 651 1537 712 civi

349 775 384 814 ea
403 775 479 834 quae
498 755 542 814 rei
562 755 697 832 publicae
716 755 783 812 usui
806 755 874 826 sint,
899 775 956 814 non
981 775 1056 832 quae
1075 759 1127 812 aut
1146 754 1275 814 iucunda
1296 757 1360 814 fore
1378 756 1538 816 videantur

348 861 537 919 audientibus
556 865 607 918 aut
627 860 849 918 adcommodata
868 859 928 917 sint
947 861 984 918 ad
1004 858 1191 936 eloquent-iao
1210 861 1328 918 laudem
1348 861 1460 918 dicenti
1478 861 1537 937 ipsi

349 964 575 1023 conciliandam:
600 984 643 1040 pr.
662 967 690 1034 5,
708 984 719 1021 r
739 962 770 1020 οῖι
789 961 843 1036 μὴν
865 961 941 1021 ἀλλὰ
960 962 990 1020 τὶν
1006 960 1057 1037 μὲν
1072 960 1167 1039 λέγειν
1187 962 1258 1034 ἅτις
1273 960 1358 1022 οἴεται
1376 963 1537 1043 χαριεῖσθαι,

348 1071 401 1126 τῶν
421 1063 657 1146 παρακρούσασθαί
676 1085 700 1124 τι
724 1066 900 1142 βουλομένων
921 1061 990 1126 εἶναι
1009 1061 1121 1144 νομίζω,
1144 1067 1175 1126 το
1196 1066 1221 1126 δ’
1233 1067 1395 1146 ὑφίστασθαι,
1418 1065 1479 1146 περὶ
1499 1061 1537 1126 ὧν

347 1171 476 1229 πέπεικεν
497 1169 590 1228 ἑαυτὸν
611 1171 751 1250 συμφέρειν
766 1174 799 1252 τῇ
814 1170 907 1248 πέλει,
927 1170 979 1229 κᾶν
1000 1169 1180 1247 θορυβηθῆναι
1200 1173 1251 1229 κᾶν
1272 1169 1344 1230 ἀλλο
1360 1191 1383 1229 τι
1405 1169 1536 1244 βούλησθ’

349 1275 434 1352 ὑμεῖς,
455 1271 531 1331 εθνσυ
550 1272 597 1332 καί
617 1271 721 1333 δικαίου
741 1278 818 1334 τοῦτο
832 1273 945 1334 πολίτου
960 1272 1052 1353 κρίνω.
1076 1297 1120 1353 pr.
1141 1282 1217 1348 19,1
1238 1273 1385 1352 ἀναγκαῖον
1406 1269 1476 1333 ε’ίναί
1492 1295 1537 1350 μοι

349 1376 425 1437 δοκεῖ
443 1375 482 1456 τῷ
504 1378 568 1454 μήθ’
582 1376 654 1456 αὐτῷ
674 1379 744 1452 μήτε
764 1377 815 1437 τισί
835 1377 997 1458 χαρίσασθαι
1013 1377 1185 1456 βουλομένῳ,
1202 1377 1270 1438 ἀλλ’
1282 1377 1347 1457 ὑπὲρ
1362 1379 1437 1452 ὑμῶν
1453 1377 1537 1438 εἰπεῖν

349 1483 506 1540 άπέπεικεν
519 1482 613 1540 ἑαυτον
626 1482 745 1556 μάλιστα
758 1484 909 1560 συμφέρειν,
925 1506 969 1562 pr.
985 1490 1012 1555 9,
1026 1505 1038 1542 a
1054 1483 1111 1558 ἐγὼ
1124 1482 1155 1541 δὲ
1167 1482 1267 1557 νομίζω
1282 1488 1381 1560 χρῆναι
1395 1484 1441 1541 τὀν
1455 1484 1536 1543 πόλει

347 1583 409 1665 περὶ
428 1587 596 1664 πραγμάτων
617 1585 805 1665 ἐπιχειροῦντα
825 1587 1018 1662 συμβουλεύειν
1036 1586 1155 1665 μᾶλλον,
1177 1588 1250 1658 ὅπως
1265 1587 1298 1645 τὰ
1314 1583 1431 1658 δέξαντα
1446 1587 1536 1646 συνοί-

349 1710 398 1767 σει,
409 1689 432 1771 ¹)
445 1692 563 1769 σκοπεῖν,
579 1693 596 1764 ἢ
609 1691 683 1761 ὅπως
696 1689 721 1749 oi
731 1697 902 1770 παραχρῆμα
914 1690 995 1768 λόγοι
1009 1693 1090 1771 χάριν
1106 1687 1204 1763 ἕξουσι.
1221 1714 1296 1771 quae
1311 1713 1379 1752 cum
1393 1695 1537 1769 cogitaret

348 1797 482 1873 scriptor,
504 1797 535 1854 id
556 1798 634 1874 quod
654 1798 733 1855 infra
747 1799 923 1870 videbimus,
944 1799 1055 1857 factum
1076 1805 1129 1870 est,
1149 1806 1184 1857 ut
1199 1805 1230 1858 et
1244 1799 1276 1857 in
1292 1819 1349 1870 cos,
1371 1799 1422 1877 qui
1438 1804 1489 1856 aut
1504 1798 1536 1856 in

348 1901 519 1961 universum
534 1901 646 1975 gratiae
662 1907 713 1959 aut
728 1903 913 1980 eloquentiae
928 1903 1024 1961 laudis
1040 1923 1126 1961 causa
1140 1905 1340 1980 loquerentur,
1358 1904 1431 1962 etin
1447 1904 1535 1980 ipsos,

348 2004 399 2082 qui
419 2005 524 2063 libenti
544 2005 641 2064 animo
652 1995 689 2064 id
705 2027 795 2082 genus
815 2009 984 2066 hominibus
1004 2028 1089 2067 aures
1109 2010 1318 2085 patefacerent,
1342 2010 1537 2070 vehementer

347 2109 548 2170 inveheretur.

451 2217 589 2294 Denique
603 2218 764 2276 adferenda
783 2223 827 2275 est
846 2219 919 2276 haec
940 2218 1099 2277 sententia:
1121 2219 1198 2295 quod
1214 2219 1401 2294 profuturum
1416 2217 1455 2275 sit
1469 2217 1536 2275 uni-

347 2340 449 2380 versae
465 2320 592 2392 civitati,
616 2322 647 2378 id
663 2321 776 2398 precari
793 2322 965 2398 scriptorem
980 2329 1014 2380 ut
1030 2329 1060 2380 et
1076 2323 1192 2381 dicatur
1213 2325 1248 2381 ab
1270 2322 1434 2382 oratoribus
1453 2324 1536 2380 stab

348 2424 580 2483 Atheniensibus
597 2427 784 2483 decernatur:
809 2445 853 2502 pr.
872 2430 921 2496 25,
937 2446 950 2483 4
966 2422 1082 2502 εὔχομαι
1098 2423 1129 2483 δὲ
1144 2426 1199 2496 τοῖς
1215 2425 1297 2504 θεοῖς,
1313 2426 1331 2482 ά
1345 2421 1392 2483 καί
1406 2429 1440 2505 τῇ
1454 2423 1536 2483 πόλει

346 2525 431 2603 κάμοί
447 2528 586 2606 συμφέρειν
603 2527 714 2606 μέλλει,
730 2525 803 2586 ταῦτ’
817 2527 879 2602 ἐμοί
893 2528 917 2586 τ’
930 2526 1014 2588 εἰπεῖν
1031 2528 1121 2587 ἐλθεῖν
1138 2527 1181 2588 ἐπί
1197 2532 1257 2588 νοῦν
1272 2527 1319 2587 καὶ
1335 2527 1395 2603 ὑμῖν
1413 2528 1534 2606 ἑλέσθαι,

347 2655 391 2711 pr.
406 2637 481 2705 50,1
496 2631 570 2690 Ὅτι
587 2631 636 2708 μὲν
653 2631 754 2706 μέλλει
770 2631 896 2692 συνοίσειν
911 2635 984 2714 παίσῃ
1000 2639 1033 2714 τῇ
1048 2633 1138 2712 πόλει,
1156 2637 1230 2693 τοῦτο
1247 2631 1293 2692 καὶ
1308 2632 1402 2710 λέγειν
1419 2630 1536 2710 εὔχομαι

347 2737 459 2815 πάντας,
476 2732 498 2796 ὧ
513 2735 540 2796 ά.
554 2735 602 2811 Ἀ,
619 2733 666 2795 καί
681 2735 752 2811 ὑμᾶς
768 2736 889 2796 ἑλέσθαι.

452 2948 592 3024 Sequitur
607 2949 666 3006 iam
680 2955 714 3006 ut
729 2949 766 3006 ad
786 2950 940 3006 alterum
954 2951 1085 3006 locorum
1101 2968 1209 3023 genus
1225 2949 1441 3006 inlustrandum
1456 2967 1536 3006 acce-

349 3054 460 3110 damus.
485 3054 571 3129 quod,
594 3057 715 3111 utente
736 3053 848 3111 dictum
869 3059 922 3124 cst,
946 3059 1082 3112 versatur
1100 3053 1132 3110 in
1152 3053 1195 3110 eis
1211 3053 1291 3124 locis,
1316 3053 1367 3131 qui
1382 3073 1400 3110 a
1414 3071 1538 3129 persona

348 3175 449 3214 eorum
464 3155 696 3232 proficiscuntur,
715 3177 839 3234 quorum
853 3158 983 3215 rationes
999 3162 1096 3215 orator
1110 3157 1272 3215 contemnit
1287 3163 1375 3234 atque
1391 3156 1537 3232 improbat

348 3260 391 3318 ita
402 3261 531 3338 quidem,
544 3266 579 3318 ut
590 3281 659 3318 suae
670 3261 772 3336 ipsius,
785 3266 887 3338 utpote
898 3281 971 3338 quae
983 3261 1146 3319 contrariae
1159 3261 1218 3318 sint
1228 3261 1392 3320 rationibus
1403 3260 1536 3332 istorum,

348 3365 530 3423 rectissimae
545 3369 633 3442 atque
648 3365 874 3424 honestissimae
889 3386 952 3424 esse
966 3366 1134 3426 videantur.
1159 3365 1262 3444 quodsi
1277 3365 1310 3423 in
1325 3385 1383 3436 eos,
1407 3364 1459 3443 qui
1473 3368 1536 3422 tur-

349 3469 427 3544 piter
438 3490 468 3528 se
480 3489 581 3544 gerere
594 3469 732 3528 dicuntur
744 3469 776 3526 in
791 3490 855 3528 rem
870 3470 1026 3546 publicam,
1042 3470 1231 3548 inquirimus,
1247 3470 1326 3528 haud
1343 3469 1468 3544 exiguus
1482 3470 1536 3526 ho·

348 3574 461 3632 minum
476 3574 675 3650 improborum
691 3595 831 3632 numerus
847 3575 1088 3650 deprehenditur.
1106 3575 1218 3633 etenim
1232 3574 1284 3632 alii
1299 3574 1374 3632 lucri
1389 3593 1476 3632 causa
1490 3593 1537 3631 re·

348 3678 432 3753 gibus
452 3680 502 3739 vel
522 3679 657 3757 tyrannis
677 3679 789 3737 addicti
810 3679 922 3740 servire
944 3680 1059 3738 malunt
1079 3699 1167 3757 quam
1188 3699 1331 3756 pauperes
1351 3699 1423 3750 esse,
1446 3677 1537 3754 pestis

347 3784 447 3841 hercle
466 3803 499 3842 ac
518 3784 664 3860 pernicies
680 3769 800 3856 civium,
818 3784 942 3842 aliorum
957 3784 1080 3842 ambitio
1096 3785 1259 3844 verendum
1274 3789 1319 3842 est
1334 3804 1372 3841 ne
1387 3783 1427 3841 sit
1441 3781 1535 3840 exitio

347 3887 392 3946 rei
412 3889 559 3964 publicae;
583 3893 635 3946 aut
650 3889 730 3946 enim
749 3889 884 3963 gratiam,
906 3908 981 3966 quae
996 3891 1034 3946 ad
1049 3894 1164 3965 tempus
1180 3894 1233 3960 cst,
1253 3892 1395 3949 venantes
1410 3892 1461 3945 aut
1476 3888 1536 3944 elo·

348 3992 485 4070 quentiae
500 3998 650 4070 captantes
664 3995 791 4065 laudem,
812 4013 887 4071 quae
901 4013 955 4069 per
970 4013 1010 4065 se,
1032 3993 1091 4050 nisi
1110 3993 1225 4052 facinus
1244 3993 1363 4070 aliquod
1383 3991 1536 4067 egregium

453 4214 472 4282 ¹)
492 4212 599 4265 συνοίσει
615 4215 687 4281 quod
705 4215 761 4266 fare
779 4215 905 4265 tribuitur
923 4215 1072 4278 Feboiano,
1090 4215 1143 4265 iam
1161 4215 1191 4264 in
1208 4220 1323 4279 utroque
1340 4215 1535 4279 prooemiorum

348 4301 493 4368 exemplari
506 4303 709 4355 cod.Vindob.4
723 4302 791 4368 (CV)
805 4302 916 4368 legitur3
929 4302 990 4353 libri
1004 4303 1120 4368 optimae
1133 4307 1213 4352 notae
1225 4301 1327 4351 habent
1339 4299 1467 4352 συνοίσειν.
1480 4315 1535 4351 sae·

347 4391 407 4454 pius
429 4396 527 4454 autem,
554 4394 585 4439 ut
607 4389 657 4440 hoc
680 4389 784 4453 addam,
807 4405 873 4454 quas
896 4391 1063 4439 coniecturas
1086 4388 1241 4439 Dindorfius
1262 4388 1409 4450 Feliciano,
1428 4386 1535 4450 Wolfio,

347 4476 465 4540 Reiskio,
479 4476 629 4540 Schaefero,
642 4475 775 4539 Bekkero,
794 4475 845 4525 sibi
857 4473 909 4541 ip'si
921 4476 1023 4539 tribuit,
1043 4491 1088 4526 eas
1100 4476 1188 4525 autin
1206 4480 1320 4540 utroque
1338 4480 1385 4524 aut
1402 4474 1431 4521 in
1449 4473 1535 4523 altaro

348 4567 407 4612 utro
426 4563 549 4628 exemplo
569 4563 626 4613 cod.
639 4562 755 4613 Vindob.
766 4565 782 4612 4
795 4561 864 4627 (GV)
877 4563 979 4613 inveni.
998 4577 1065 4627 quos
1077 4562 1158 4625 locos,
1177 4563 1199 4612 si
1211 4577 1324 4628 quorum
1337 4560 1388 4610 hac
1400 4561 1429 4609 in
1441 4559 1534 4609 disser-

348 4649 449 4699 tatione
462 4651 562 4699 mentio
575 4649 646 4700 iacta
657 4653 707 4712 est,
725 4651 763 4699 ita
776 4647 932 4714 significavi,
952 4654 982 4699 ut
998 4633 1072 4699 illius
1084 4649 1134 4698 viri
1147 4649 1227 4711 docti,
1246 4648 1290 4698 cui
1307 4644 1389 4712 vulgo
1408 4646 1535 4696 tribuitur

348 4737 508 4800 coniectura,
527 4738 629 4787 nomini
647 4738 733 4786 crucis
751 4738 857 4802 signum
875 4736 1057 4802 adpingerem.
