3530 5536
838 465 1051 517 ...70-

418 676 459 732 pr.
475 659 524 725 55,
538 673 550 712 a
563 650 710 710 δεινότατοι
720 650 775 730 γάρ
787 649 841 708 ἐστ’
850 648 919 726 ἀρε·
1037 648 1107 725 Lys.
1120 666 1162 705 or.
1177 651 1227 716 30,
1245 667 1269 704 aa
1284 645 1300 700 δ
1315 641 1346 702 δὲ
1361 645 1468 700 πάντων
1481 642 1541 701 δει-

352 759 449 818 λέοθαι
458 757 508 832 μὲν
517 754 624 830 δσ’ὑμῖν
633 754 758 833 ὑπάρχει,
768 751 813 812 καὶ
821 753 919 826 νόμους
973 752 1099 808 νότοιτον·
1130 748 1387 826 ὑπογραμματεῦσαι
1415 746 1465 820 μὲν
1493 747 1542 804 ουκ
1573 744 1575 748 ’

352 861 413 942 περὶ
429 863 527 921 τούτων
542 859 636 936 θεῖναι,
654 858 685 916 άν
697 878 737 929 τις
749 857 920 937 ἀστυνομήσῃ
975 850 1061 924 έξεστι
1075 851 1114 924 δὶς
1125 853 1170 911 τ“ον
1184 853 1261 910 οιύτδν
1277 857 1310 932 τῇ
1327 851 1399 932 ἀρχῇ
1414 856 1447 932 τῇ
1465 851 1542 929 αὐτῇ,

354 964 462 1040 δῖςῆτδι
470 967 589 1042 τοιαῦτα,
601 963 760 1042 στρατηγεῖν
774 958 798 1018 δ’
806 958 848 1019 ἀεὶ
859 959 921 1031 τοὺς
972 956 1035 1038 περὶ
1047 957 1077 1015 δὲ
1088 963 1142 1016 τῶν
1155 956 1289 1036 μεγίστων
1297 955 1359 1025 τοὺς
1372 954 1467 1025 αθτσῦς
1480 954 1543 1012 ἐᾶτε

974 1061 1060 1120 πολὺν
1075 1063 1174 1139 χρόνον
1189 1059 1295 1140 κυρίους
1311 1055 1389 1118 εἶναι.

1040 1169 1174 1226 Dobraao
1211 1163 1253 1248 (p.
1287 1161 1363 1246 142)
1399 1166 1543 1242 prooemii

975 1274 1055 1329 locus
1078 1272 1226 1348 profectus
1246 1291 1309 1328 esso
1327 1271 1486 1331 videbatur
1505 1289 1544 1327 ex

976 1377 1061 1433 Dem.
1079 1395 1120 1433 or.
1139 1380 1188 1446 24,
1210 1395 1249 1434 ιιι
1269 1370 1382 1444 δικαίως
1398 1371 1423 1431 δ’
1433 1374 1466 1430 ἂν
1483 1369 1545 1446 ἐμοὶ

977 1478 1053 1537 δοκεῖ
1066 1478 1162 1536 παθεῖν
1178 1477 1273 1556 ὁτιοῦν,
1290 1478 1362 1548 ὅστις
1378 1475 1462 1536 οῖετοιι
1477 1475 1544 1554 δεῖν,

978 1579 1000 1640 εἰ
1019 1583 1069 1657 μέν
1084 1601 1124 1650 τις
1140 1582 1312 1660 ἀγορανόμος
1326 1584 1345 1654 ἡ
1362 1580 1511 1655 ἀστυνόμος
1526 1583 1545 1653 ἢ

978 1685 1106 1759 δικαστὴς
1118 1683 1189 1744 κατὰ
1201 1684 1462 1762 δήμουςγενδμενος
1473 1683 1545 1742 κλο-

976 1795 1030 1862 πῆς
1043 1789 1071 1847 ἐν
1079 1792 1139 1860 ταῖς
1148 1789 1268 1860 εὐθύναις
1277 1789 1418 1848 ἑάλωκεν.
1431 1834 1448 1867 .,
1461 1788 1546 1866 τούτῳ

354 1071 448 1141 αὐτοὺς
465 1069 522 1128 έοῖν.

979 1893 1028 1968 μὲν
1044 1893 1092 1967 τὴν
1109 1893 1297 1953 δεκαπλασίαν
1314 1888 1445 1952 εἶναικαὶ
1462 1941 1468 1953 .
1487 1939 1504 1972 .,
1522 1890 1546 1951 εί

979 1997 1009 2056 δέ
1024 2018 1095 2069 τινες
1110 1996 1238 2077 πρέσβεις
1256 1997 1408 2076 αἱρεθέντες
1426 2045 1432 2058 .
1447 2043 1453 2056 .
1471 1995 1546 2076 ὑφεί-

978 2101 1059 2160 λοντο
1067 2104 1198 2182 χρήματα
1209 2101 1320 2161 πολλοί.
1333 2147 1350 2176 .,
1363 2102 1465 2173 τούτοις
1473 2102 1547 2173 ὅπως

979 2204 1065 2279 μηδὲν
1088 2206 1223 2265 πείσονται
1245 2253 1251 2264 .
1274 2252 1280 2264 .
1305 2199 1390 2285 εὗρεν.
1422 2213 1453 2266 at
1474 2210 1547 2266 haec

980 2331 1046 2370 cum
1058 2313 1201 2387 prooemii
1213 2314 1276 2370 loco
1285 2332 1472 2390 nequaquam
1480 2332 1547 2371 con·

980 2435 1085 2492 gruere
1100 2422 1231 2493 apparet.

462 2558 550 2615 Haud
568 2557 627 2614 scio
642 2577 679 2614 an
695 2557 804 2614 artiore
820 2557 1039 2614 necessitudine
1054 2557 1134 2614 inter
1149 2577 1179 2614 se
1195 2556 1289 2615 iuncti
1306 2556 1366 2614 sint
1380 2557 1413 2615 hi
1429 2557 1503 2616 loci:

424 2718 467 2773 pr.
479 2699 529 2768 50,
542 2716 555 2754 a
568 2695 616 2772 ἔφη
631 2697 682 2772 (so.
694 2694 858 2773 Ἰρικράτης)
872 2693 927 2752 δεῖν

362 2797 928 2878 οθτωπροαιρεῖσθαικινδυνευτιντόνοτρα-

360 2903 444 2981 τογὀν
465 2903 539 2973 ὅπως
562 2903 599 2976 μὴ
623 2901 657 2960 τά
679 2905 697 2976 ἢ
720 2901 753 2961 τὰ
775 2904 928 2981 γενήσεται,

362 3007 429 3066 ἀλλ’
439 3009 513 3078 ὅπως
523 3003 565 3065 τά.
583 3007 598 3085 5
611 3013 629 3066 4
644 3007 686 3066 δεῖ
701 3006 734 3080 δὴ
751 3011 859 3066 τοιαῦτα
875 3028 929 3086 ρα-

362 3116 440 3186 νῆναι
460 3109 702 3189 βεβουλευμένους,
725 3111 758 3171 δι’
772 3105 808 3170 ὧν
824 3131 929 3171 παντα-

362 3221 422 3293 χῶς
434 3215 547 3274 συνοίσει
557 3221 590 3298 τῇ
602 3215 683 3275 πόλει
696 3213 741 3274 καὶ
753 3215 791 3292 μὴ
804 3215 929 3291 μελλου-

363 3324 417 3378 σῶν
428 3319 499 3378 ένεκ’
508 3318 626 3378 ἐλπίδων
634 3325 683 3394 τῆς
690 3319 827 3399 παρούσης
836 3320 929 3378 εὐδαι-

364 3423 459 3500 μονίας
473 3426 566 3504 χεῖρόν
582 3446 606 3483 τι
621 3425 758 3498 ποιήσετε.

1046 2716 1087 2754 or.
1100 2698 1143 2755 IV
1158 2701 1196 2754 39
1211 2693 1252 2754 δεῖ
1263 2695 1323 2765 τοὺς
1336 2695 1422 2775 ὀρθῶς
1433 2694 1549 2773 πολέμῳ

980 2799 1141 2878 χρωμένους
1162 2800 1211 2859 οὒκ
1230 2799 1390 2859 ἀκολουθεῖν
1406 2801 1462 2870 τοῖς
1476 2801 1549 2878 πρά-

981 2924 1091 2983 γμασιν,
1115 2903 1182 2962 ἀλλ’
1195 2903 1290 2974 αὐτοθς
1310 2904 1460 2982 ἔμπροσθεν
1481 2898 1550 2961 εἶναι

982 3013 1035 3066 τῶν
1046 3009 1223 3088 πραγμάτων,
1237 3005 1283 3066 καὶ
1296 3008 1340 3066 τδν
1352 3007 1431 3066 αὺτδν
1440 3007 1549 3087 τρέπου,

983 3113 1073 3192 ὥσπερ
1084 3117 1138 3170 τῶν
1152 3114 1357 3191 στρατευμάτων
1371 3107 1495 3182 ἀξιώσειέ
1510 3133 1551 3183 τις

983 3218 1014 3274 ἂν
1030 3217 1076 3274 τον
1097 3216 1246 3294 στρατηγὸν
1265 3216 1399 3294 ἡγεῖσθαι,
1421 3216 1489 3274 οίίτω
1504 3214 1551 3275 καὶ

982 3325 1037 3378 τῶν
1055 3322 1224 3399 πραγμάτων
1243 3320 1305 3391 τοὺς
1325 3319 1551 3398 βουλευομένους,

984 3423 1017 3480 ἵν’
1028 3426 1060 3481 ἂν
1078 3423 1191 3495 ἐκείνοις
1207 3423 1285 3504 δοκῇ,
1306 3428 1389 3482 ταῦτα
1403 3426 1552 3504 πράττηται

984 3525 1030 3586 καί
1065 3529 1102 3603 μὴ
1136 3527 1169 3587 τά
1200 3528 1328 3604 συμβάντ’
1346 3528 1552 3607 ἀναγκάζωνται

984 3631 1127 3709 cranaos)

469 3774 563 3837 Quem
590 3776 627 3831 ad
654 3775 773 3830 modum
800 3775 893 3848 igitur
920 3775 1051 3850 poscitur
1077 3781 1110 3832 ut
1136 3776 1285 3833 exercitus
1312 3780 1347 3835 ab
1375 3777 1552 3853 imperatore

365 3880 518 3950 ducantur,
536 3878 577 3936 sic
589 3879 680 3936 etiam
692 3880 838 3954 agendum
851 3884 895 3935 cst
911 3879 1153 3950 deliberantibus,
1170 3886 1203 3937 ut
1220 3900 1294 3957 quae
1310 3881 1383 3957 ipsis
1394 3881 1554 3940 videantur

365 4003 400 4041 aa
415 3989 563 4067 gerantur,
581 4003 638 4040 non
654 3988 688 4041 ut
702 4003 801 4041 rerum
817 3989 992 4059 proventum
1009 3985 1092 4061 sequi
1110 3991 1259 4059 cogantur.
1284 4005 1371 4063 quem
1387 3987 1419 4043 in
1434 3988 1553 4044 modum

366 4092 465 4144 autem
488 4087 654 4144 exercitum
676 4087 744 4145 duci
768 4093 909 4163 oporteat,
933 4088 1099 4164 Iphicrates
1122 4089 1260 4164 explicat,
1289 4095 1323 4146 ut
1344 4096 1431 4150 vetus
1453 4095 1555 4148 auctor

365 4189 527 4265 tradiditb)
544 4190 611 4248 ‘non
627 4200 688 4249 tam
703 4191 907 4266 magnitudine
922 4212 1021 4249 rorum
1037 4199 1185 4267 gestarum
1201 4214 1289 4270 quam
1305 4194 1461 4270 disciplina
1476 4194 1554 4252 mili·

367 4296 424 4353 tari
436 4293 627 4353 nobilitatus'
651 4301 776 4370 augetur
788 4301 887 4353 autem
902 4298 1008 4353 horum
1021 4298 1151 4354 locorum
1164 4297 1328 4356 similitudo
1341 4319 1375 4356 eo
1388 4300 1476 4375 quod,
1493 4299 1554 4356 illic

366 4401 439 4458 hacc
454 4402 645 4458 antecedunt:
669 4399 710 4457 δεῖ
726 4398 835 4473 μᾶλλον
850 4398 970 4478 προϊδεῖν
987 4399 1060 4470 ὅπως
1076 4398 1114 4470 εἰς
1131 4397 1193 4458 δέον
1209 4401 1408 4479 καταχρήσεσθ
1419 4401 1485 4482 αὐτῇ
1502 4404 1554 4479 (sc.

471 4641 492 4705 ¹¹)
512 4641 584 4689 Hinc
595 4643 674 4690 etiam
686 4641 774 4690 efficta
784 4655 841 4690 essa
852 4649 962 4706 apparat
972 4642 1054 4691 verba
1064 4639 1154 4708 [or.X]
1163 4645 1193 4691 ‘21
1206 4637 1232 4692 τὸ
1244 4641 1374 4709 συμβαῖνον
1386 4638 1421 4692 ἀεὶ
1431 4641 1554 4693 διώκετε..

469 4727 493 4792 b)
513 4728 590 4778 Corn.
610 4728 677 4794 Nep.
696 4729 743 4777 vit.
762 4728 859 4794 lphicr.
879 4731 902 4777 1.
