3530 5536
858 512 1071 567 -urs-
1219 477 1231 528 ¹

369 697 448 772 dant,
469 699 528 760 iltis
548 719 634 760 surse
650 705 703 772 est,
725 699 772 760 oni
788 701 833 759 rei
848 700 1009 777 plurimum
1023 699 1102 758 inest
1118 701 1283 778 opprobrii:
1305 720 1349 777 pr.
1365 703 1413 773 13,
1430 721 1443 760 κ
1458 695 1560 776 νομίζω

368 802 400 862 δέ
415 801 462 862 καί
477 803 546 878 ὑμᾶς
558 805 645 885 ὀρθῶς
656 806 689 862 δν
701 805 797 881 ποιεῖν,
815 801 837 862 εί
851 803 889 878 μὴ
901 803 947 862 τόν
958 801 1089 882 λέγοντα,
1105 802 1183 862 ἀλλὰ
1193 803 1228 862 τὰ
1239 802 1479 879 συμβουλευόμενα
1490 825 1559 864 σκο-

366 911 442 968 ποῖτε
462 912 499 970 of.
516 931 560 987 pr.
576 913 625 981 25,
638 930 664 980 1;
683 914 733 981 33,
750 930 774 981 s;
798 913 848 982 56,
861 930 883 969 s.
904 929 937 968 ao
957 914 1053 968 totum
1072 910 1135 968 fere
1152 930 1195 986 pr.
1212 911 1378 968 XXXXV.
1395 910 1427 968 in
1442 931 1476 969 eo
1491 932 1559 971 ver·

366 1020 455 1087 satur,
479 1019 514 1073 ut
529 1017 654 1074 multum
670 1014 811 1073 interesse
831 1015 912 1073 inter
926 1016 1017 1074 verba
1032 1020 1062 1072 ot
1076 1014 1154 1072 fasta
1170 1015 1395 1072 demonstretur.
1412 1016 1560 1092 proferam

365 1124 480 1177 tantum
499 1121 586 1178 haee:
609 1116 624 1194 ἓ
643 1124 658 1177 1
681 1115 749 1176 ἀλλ’
761 1117 852 1196 δρᾶτε,
873 1112 939 1176 disi.
953 1115 1004 1194 Ἀ.,
1025 1115 1063 1190 μὴ
1083 1117 1287 1195 κεχωρισμένον
1301 1112 1319 1196 ᾗ
1334 1116 1421 1194 λόγον
1433 1115 1516 1178 εἰπεῖν
1529 1116 1559 1178 εὖ

365 1219 413 1280 καὶ
427 1221 592 1301 προελέσθαι
607 1222 758 1300 πράγματα
773 1222 941 1300 συμρέροντα
955 1217 1002 1278 καὶ
1021 1220 1052 1280 τό
1068 1218 1118 1294 μὲν
1135 1220 1248 1300 ῥήτορος
1264 1221 1344 1300 ἔργον
1359 1216 1387 1302 ᾖ,
1406 1222 1437 1281 τό
1453 1221 1485 1282 δέ
1497 1226 1558 1282 νοῶν

366 1325 479 1402 ἔχοντος
494 1324 643 1405 ἀνθρώπου,
660 1325 675 1403 ἓ
692 1331 710 1386 4
726 1322 810 1384 εἰπεῖν
827 1325 877 1400 μὲν
893 1325 956 1402 γάρ,
973 1319 1035 1384 dd.
1052 1325 1103 1403 ’A.,
1118 1326 1207 1384 πάντα
1220 1325 1323 1404 πέρυκε
1338 1321 1441 1407 ῥᾴδιον,
1456 1323 1558 1405 πρᾶξαι

365 1427 390 1488 δ’
403 1430 453 1506 οὺχ
473 1429 595 1488 ἅπαντα·
615 1429 645 1489 od
665 1428 718 1509 γὰρ
738 1427 796 1500 ίσος
815 1430 896 1500 πόνος
916 1425 963 1488 καὶ
984 1426 1067 1508 ἱδρὼς
1088 1431 1139 1507 πρό
1155 1449 1184 1488 τε
1204 1431 1251 1488 τοιῖ
1272 1429 1367 1508 λέγειν
1382 1427 1429 1489 καὶ
1443 1431 1495 1508 πρό
1510 1435 1557 1490 τοῦ

362 1535 487 1612 πράττειν
504 1532 585 1594 ἐστίν.

466 1639 523 1698 His
538 1640 631 1716 igitur
646 1639 810 1717 explanatis
826 1659 878 1698 nos
894 1643 1097 1698 eonvertomns
1113 1641 1150 1697 ad
1166 1639 1382 1716 explicandum,
1405 1661 1480 1718 quae
1496 1641 1555 1698 sint

362 1745 491 1803 maxime
511 1747 639 1803 tenenda
658 1745 690 1803 in
712 1744 912 1803 deliberando.
936 1763 969 1802 ae
985 1744 1165 1820 principium
1180 1743 1301 1821 quidem
1316 1750 1396 1803 recte
1412 1746 1554 1821 probandi

362 1850 461 1908 omnia
480 1855 533 1920 est,
557 1869 595 1907 ne
615 1850 687 1927 quid
708 1849 759 1927 qui
780 1849 943 1907 deliberare
962 1849 1067 1907 volunt
1089 1852 1158 1905 ante
1178 1849 1365 1907 constituisse
1385 1849 1552 1920 rideantur,

362 1973 449 2031 quam
464 1953 614 2012 audierint
630 1953 702 2031 quid
718 1953 847 2012 sentiant
862 1952 928 2010 alii:
949 1973 994 2029 pr.
1012 1956 1040 2024 5,
1058 1971 1070 2010 s
1085 1951 1102 2024 ἡ
1120 1947 1169 2023 μὲν
1186 1945 1230 2008 οὖν
1247 1948 1320 2029 ἀρχὴ
1336 1952 1382 2008 τσιῖ
1398 1947 1554 2026 δοκιμάζειν

361 2055 447 2134 ὀρθῶς
463 2056 558 2115 ἅπαντ’
569 2053 624 2114 ἐστὶ
640 2053 726 2130 μηδὲν
743 2053 845 2114 οίεσθαι
856 2056 986 2134 πρότερον
998 2055 1161 2131 γιγνώσκειν
1176 2050 1237 2133 πρὶν
1254 2055 1349 2128 μαθεῖν
1360 2055 1380 2129 ¹)
1398 2099 1405 2114 .
1423 2099 1431 2116 .
1447 2057 1553 2114 funda·

360 2167 550 2240 mentumque
570 2167 650 2221 reete
670 2162 863 2232 deliberandi,
887 2180 925 2218 ne
940 2160 1022 2236 prius
1038 2162 1222 2230 decernatur,
1240 2180 1327 2237 quom
1343 2180 1378 2218 ea
1392 2181 1430 2219 ex
1446 2161 1553 2239 quibus

360 2268 478 2324 decreta
501 2285 639 2343 suspensa
658 2286 720 2324 esse
742 2267 850 2323 debent
869 2264 1041 2322 audiantur:
1067 2284 1111 2341 pr.
1135 2269 1183 2336 18,
1210 2263 1259 2336 σή
1282 2260 1332 2338 μὲν
1353 2259 1397 2321 οὖν
1418 2263 1490 2342 ἀρχὴ
1507 2269 1553 2324 τοῖν

359 2373 468 2428 σκοπεῖν
481 2367 567 2446 ὀρθῶς
580 2367 634 2426 ἐστι
647 2366 685 2443 μὴ
700 2366 896 2443 βεβουλεῦσθαι
907 2364 967 2446 πρὶν
981 2362 1012 2438 ἐξ
1023 2360 1061 2426 ὧν
1074 2365 1117 2425 δεῖ
1129 2365 1324 2441 βουλεύσασθαι
1338 2365 1460 2428 ἀκοῦσαι.
1477 2391 1552 2448 quae

357 2494 423 2534 oum
439 2475 482 2532 ita
496 2475 565 2545 sint,
586 2474 721 2552 sequitur
735 2473 864 2551 primum
880 2493 918 2531 ne
934 2472 1000 2550 quis
1015 2472 1201 2532 audientium
1217 2493 1292 2550 quae
1309 2474 1399 2532 sentit
1415 2476 1452 2532 de
1467 2495 1551 2551 prae·

358 2579 488 2638 sentibus
504 2582 590 2637 rebus
606 2599 641 2637 ea
656 2579 755 2636 omnia
770 2598 801 2636 ss
816 2583 896 2636 reete
913 2578 1023 2636 sentire
1035 2583 1133 2654 putet:
1151 2598 1195 2656 pr.
1215 2582 1263 2649 18,
1281 2597 1293 2635 2
1309 2576 1347 2650 μὴ
1363 2576 1451 2655 πάνθ’,
1465 2577 1503 2647 ὡς
1519 2577 1551 2635 ἕ-

357 2702 458 2753 καστος
474 2682 534 2759 ἔχει
546 2683 660 2760 γνώμης
675 2681 750 2757 ὑμῶν
763 2678 824 2760 περὶ
837 2685 889 2740 τῶν
902 2680 1052 2760 παρόντων,
1069 2679 1155 2760 ὀρθῶς
1168 2679 1317 2756 ἐγνωκέναι
1329 2678 1475 2741 πεπείσθω.
1492 2703 1550 2741 non
1616 2707 1618 2714 ’

357 2788 436 2846 enim
456 2793 536 2846 reete
552 2790 696 2860 sehabet,
714 2788 739 2845 si
756 2788 808 2866 qni
824 2788 855 2845 in
871 2787 1038 2845 contionem
1053 2786 1179 2846 veniunt
1194 2792 1345 2864 tamquam
1361 2788 1458 2846 exeis
1474 2808 1549 2865 quae

357 2892 493 2950 dicentur
515 2892 626 2969 optima
647 2893 779 2964 electuri,
804 2911 981 2970 quamquam
1001 2891 1060 2948 iam
1082 2896 1181 2950 mente
1201 2893 1312 2952 habent
1331 2891 1444 2969 aliquid
1465 2912 1547 2969 prae-

355 3002 528 3072 occupatum
547 2997 639 3073 idque
654 3000 715 3054 tam
731 2995 886 3066 obstinato,
909 3000 995 3053 utne
1011 2995 1115 3054 audire
1132 2995 1253 3074 quidem
1269 2997 1327 3054 alia
1343 3002 1460 3072 praeter
1474 2996 1548 3055 illud

354 3081 463 3160 velint:
481 3119 524 3176 pr.
539 3105 589 3171 47,
603 3119 615 3158 s
627 3095 714 3177 χωρίς
731 3097 761 3157 δὲ
776 3099 875 3157 τοθτων
892 3096 955 3156 ουδέ
969 3097 1061 3172 καλὴν
1077 3093 1192 3174 ὑποψίαν
1209 3097 1269 3175 ἔχει
1283 3099 1360 3172 ἥκειν
1377 3098 1427 3173 μὲν
1444 3095 1483 3170 εἰς
1498 3100 1547 3174 την

356 3200 507 3279 ἐκκλησίαν
520 3203 558 3273 ώς
571 3202 604 3260 ἐκ
614 3207 667 3261 τῶν
681 3202 874 3282 ῥηθησομένων
886 3203 916 3262 τό
929 3204 1069 3281 κρσίτιστον
1086 3202 1196 3261 ἑλέσθαι
1213 3202 1285 3280 δέον,
1301 3208 1414 3281 φανῆναι
1431 3201 1471 3284 δέ,
1486 3201 1547 3284 πρὶν

355 3308 388 3366 ἐκ
406 3312 460 3366 τῶν
475 3305 568 3385 λέγων
584 3305 744 3386 δοκιμάσαι,
767 3307 831 3387 παρ’
845 3307 905 3383 ὑμῖν
927 3307 1017 3378 αυτοῖς
1036 3327 1060 3366 τι
1080 3308 1285 3388 πεπεισμένους,
1310 3303 1357 3365 καί
1378 3308 1450 3366 τοῦθ’
1463 3307 1547 3380 οθτως

353 3409 472 3490 ἰοχυρόν,
493 3413 562 3470 ώστε
583 3409 648 3487 μηδ’
663 3411 769 3471 ἐθέλειν
784 3411 858 3489 παρὰ
873 3412 945 3471 ταῦτ’
959 3410 1076 3472 ἀκούειν.
1100 3415 1234 3492 namqui
1255 3415 1406 3490 cognitum
1425 3416 1544 3486 habent,

355 3519 424 3597 quid
437 3521 524 3578 rebus
536 3518 713 3596 quibusdam
724 3519 894 3578 faciendum
906 3519 953 3590 sit,
967 3539 1026 3577 non
1035 3520 1143 3578 debent
1155 3539 1203 3577 eas
1215 3538 1378 3596 proponere
1389 3521 1426 3577 ad
1435 3520 1546 3578 delibe-

352 3624 490 3682 randum:
508 3643 552 3700 pr.
569 3629 617 3695 10,
635 3644 646 3681 1
662 3619 695 3680 Εἰ
709 3620 759 3697 μέν
773 3620 916 3700 ἐγνώκατ’,
933 3615 997 3682 dd.
1011 3621 1058 3700 ’A.,
1075 3621 1100 3681 τί
1112 3620 1253 3694 βέλτιστον
1265 3623 1295 3680 ὀν
1306 3623 1434 3700 τυγχάνει
1445 3619 1545 3703 πρᾶξαι

352 3722 413 3803 περὶ
436 3731 489 3784 τῶν
506 3728 662 3806 παρέντων,
686 3727 836 3806 ἁμάρτημα
850 3727 880 3785 τό
897 3724 1089 3800 συμβουλεύειν
1105 3727 1277 3805 προτιθέναι·
1294 3728 1312 3784 οἳ
1327 3725 1380 3806 γὰρ
1397 3725 1470 3786 αότοὶ
1485 3725 1546 3808 πρὶν

352 3828 464 3888 ἀκοῦσαι
485 3827 646 3904 δοκιμάζετε
666 3831 819 3910 συμρέρειν,
840 3829 865 3890 τί
885 3829 927 3889 δεῖ
946 3830 1019 3890 ταῦτ’
1033 3829 1180 3902 ἀκούοντας
1202 3833 1288 3906 μοίτην
1310 3830 1495 3912 ἐνοχλεῖσθαιρ

456 3937 573 3994 Deinde
588 3936 722 4015 seqnitur
738 3942 771 3995 ut
786 3957 845 3994 non
861 3939 954 3994 solum
969 3938 1117 3995 audienda
1132 3938 1192 3995 sint
1207 3938 1313 4009 omnia,
1334 3957 1437 3997 verum
1454 3938 1544 3996 etiam

351 4061 451 4099 omnes
463 4041 614 4100 audiendi.
632 4042 744 4119 quaesi
760 4043 924 4101 accuratius
940 4042 1154 4121 persequimur,
1171 4045 1208 4100 ad
1223 4042 1352 4120 priorem
1367 4049 1482 4119 partem
1496 4062 1543 4102 rs·

350 4147 473 4204 ferenda
493 4150 560 4203 sunt
580 4148 661 4205 haee.
686 4147 833 4204 audienda
848 4153 917 4206 sunt
932 4148 1031 4205 omnia
1046 4151 1077 4206 et
1093 4149 1118 4206 si
1134 4148 1205 4226 quid
1221 4153 1300 4206 reete
1317 4149 1429 4207 dictum
1446 4148 1540 4209 visum

350 4250 397 4321 sit,
419 4269 454 4308 eo
473 4251 617 4308 utendum
633 4256 689 4309 est:
714 4271 757 4327 pr.
778 4241 855 4322 18,r
880 4247 1012 4308 σκοπείτω
1032 4250 1110 4308 πένθ’
1124 4248 1269 4325 ὑπομείνας
1290 4249 1411 4330 ἀκοῦσαι,
1432 4244 1481 4310 εἶτ’
1494 4249 1542 4308 ἐὰν

349 4349 436 4431 ὀρθῶς
449 4349 569 4432 εἰρῆσθαί
580 4373 604 4410 τι
617 4351 695 4434 δοκῇ,
707 4353 820 4432 χρήσθω
830 4349 882 4434 (so.
893 4354 1006 4423 ἕκαστος
1018 4359 1071 4412 τῶν
1084 4350 1259 4435 ἀκουόντων).
1272 4357 1310 4415 ef.
1320 4358 1410 4415 etiam
1424 4377 1465 4433 pr.
1478 4359 1539 4428 5,s;

352 4463 400 4530 10,
416 4478 442 4530 23
460 4463 510 4530 32,
527 4479 552 4531 43
570 4479 613 4536 pr.
632 4463 682 4532 33,
698 4479 712 4517 4
728 4464 757 4517 et
774 4463 823 4530 36,
841 4478 862 4530 s,
879 4460 958 4518 looos
973 4460 1115 4536 geminos.
1143 4480 1176 4519 ae
1196 4461 1256 4518 iam
1274 4465 1437 4537 propterea,
1462 4462 1540 4538 quod

348 4583 437 4639 penes
456 4566 597 4640 populum
618 4569 663 4622 est
683 4585 721 4622 ex
737 4563 780 4622 eis
801 4583 875 4642 quae
896 4565 1035 4623 dicuntur
1054 4564 1166 4642 optima
1181 4565 1300 4640 eligere,
1322 4565 1421 4623 omnia
1435 4565 1540 4623 audire

351 4701 371 4706 ..
376 4701 556 4708 .-..-.-.-,.,-,-..

453 4784 472 4851 ²)
491 4785 546 4853 πρὶν
565 4785 647 4855 μαθεῖν
667 4803 716 4837 om.
731 4785 763 4851 Σς
782 4789 810 4838 in
831 4804 882 4853 mg.
903 4788 984 4838 habet
1001 4783 1027 4838 Υ.
