3530 5536
849 494 1060 550 ,68-

982 675 1052 740 είναι
1070 681 1124 760 χρὴ
1145 677 1206 758 περὶ
1225 678 1287 750 τοὺς
1307 676 1421 756 ἄλλους,
1443 668 1550 753 οἷόνπερ

982 784 1032 860 ἐμὲ
1043 783 1105 864 περὶ
1121 785 1191 860 ὑμᾶς
1207 782 1313 856 ἀξιοῦτε
1332 781 1479 860 γίμετθαι.
1504 802 1550 839 ee·

979 897 1076 950 terum
1088 897 1191 949 notum
1204 896 1249 948 eet
1262 908 1348 965 saepe
1360 907 1475 962 rogasse
1487 905 1550 943 ora-

980 1001 1067 1067 toreS,
1089 995 1188 1073 utqui
1205 993 1346 1052 audirent
1365 994 1438 1050 tales
1454 995 1551 1048 essent

953 1084 955 1175 ί
979 1101 1010 1158 in
1031 1121 1061 1158 se
1082 1101 1205 1170 iudices,
1227 1101 1328 1176 quales
1346 1097 1411 1174 ipsi,
1433 1095 1550 1173 siquid

953 1188 955 1275 ί
980 1205 1142 1275 accidisset,
1160 1204 1217 1262 sibi
1233 1209 1383 1279 cuperent,
1401 1201 1495 1260 veluti
1511 1200 1549 1257 ef.

953 1292 955 1395 ζ
980 1310 1071 1366 Isoer.
1093 1328 1134 1366 or.
1158 1312 1206 1378 19,
1230 1326 1254 1364 51
1280 1311 1357 1364 extr.
1383 1303 1482 1376 δέομαι
1505 1298 1551 1360 οὖν

953 1400 955 1485 J
981 1411 1055 1485 ὑμῶν
1072 1457 1077 1470 .
1093 1457 1099 1470 .
1115 1410 1249 1480 τοιούτους
1266 1429 1310 1483 μοι
1325 1408 1452 1485 γενέσθαι
1469 1405 1550 1465 δικα-

423 1764 466 1821 pr.
489 1750 539 1815 21,
560 1764 573 1802 ι
591 1741 625 1800 ἵν’
638 1739 683 1801 οὖν
707 1743 755 1816 μή,
778 1743 808 1798 το
829 1739 927 1820 ῥᾷστον

359 1848 494 1924 οίποίντων,
512 1847 661 1920 έπιτιμήσω
678 1847 760 1920 μόνον
777 1892 783 1904 .
803 1893 808 1905 .

423 2302 466 2357 pr.
493 2287 520 2353 9,
550 2301 559 2338 1
588 2278 670 2353 λήσει
696 2279 725 2336 το
754 2277 850 2358 ῥᾷστον
873 2284 926 2336 τῶν

362 2384 450 2462 ἔργων
465 2390 559 2464 ποιων,
577 2383 655 2441 αίτδν
673 2378 824 2454 ἐξαπατῶν.

423 2527 466 2583 pr.
477 2511 527 2577 47,
542 2527 553 2564 1
566 2503 705 2578 συμβαίνει
718 2502 748 2562 δέ
760 2523 794 2579 γε
807 2503 928 2578 μὴκατὰ
953 2572 955 2595 Ι

357 2609 436 2667 τοῦτο
445 2605 470 2692 1)
479 2608 618 2688 κεκρίσθαι
627 2607 702 2687 παρὰ
712 2613 777 2666 πᾶσι
788 2609 817 2666 ’.δ
831 2608 926 2682 βέλτι-

358 2731 431 2772 στον·
454 2713 484 2771 ου
504 2713 557 2791 γὰρ
573 2715 605 2770 ἂν
621 2712 695 2787 ὑμῶν
711 2710 735 2771 οί
756 2711 806 2786 μὲν
821 2711 925 2790 λέγειν,

982 1517 1054 1592 στοίς,
1077 1513 1191 1592 οἵωνπερ
1208 1516 1241 1571 ἂν
1259 1510 1332 1572 αὐτοὶ
1352 1513 1443 1588 τυχεῖν
1464 1505 1551 1582 ἀξιώ-

981 1639 1065 1678 σαιτε.

1046 1762 1087 1800 or.
1111 1745 1127 1801 I
1152 1746 1189 1800 113
1218 1741 1248 1798 το
1277 1737 1326 1812 μὲν
1355 1735 1400 1796 οὖν
1428 1736 1551 1810 ἐπιτιμᾶν

980 1843 1045 1915 ἴσως
1064 1846 1144 1922 ρήσαι
1166 1865 1205 1914 τις
1226 1846 1258 1900 ἂν
1279 1839 1370 1921 ῥᾴδιον
1390 1839 1436 1899 καί
1452 1841 1551 1911 παντὸς

982 1942 1059 2007 εἶναι.
1091 1951 1128 2008 ef.
1151 1950 1240 2008 etiam
1262 1940 1372 2031 [Dem]
1393 1967 1434 2005 or.
1454 1951 1503 2018 26,
1526 1965 1551 2004 ιν

981 2060 1057 2112 extr.
1075 2052 1105 2111 σθ
1120 2051 1173 2130 γὰρ
1191 2051 1314 2126 ἐπιτιμᾶν
1327 2053 1383 2121 ’.οἷς
1396 2047 1550 2124 συμβεβου-

981 2155 1126 2231 λευμένοις
1140 2157 1275 2233 χαλεπόν.

1047 2301 1088 2338 or.
1104 2283 1154 2338 III
1173 2285 1209 2338 19
1233 2277 1324 2356 διόπερ
1343 2275 1440 2357 ῥᾷστον
1457 2275 1547 2334 ἁπάν-

981 2401 1033 2440 των
1051 2380 1121 2440 ἐστὶν
1138 2382 1215 2441 αθτδν
1233 2378 1413 2457 ἐξαπατῆσαι.

1046 2526 1087 2564 or.
1101 2508 1127 2561 V
1146 2512 1160 2563 1
1183 2503 1221 2581 τῷ
1238 2549 1245 2562 .
1263 2549 1269 2560 ,
1287 2501 1356 2561 κατὰ
1377 2501 1461 2560 ταὺτα
1479 2499 1550 2574 μηδὲ

980 2610 1080 2667 καθ”έν
1096 2609 1125 2667 τδ
1142 2609 1274 2687 συμφέρον
1289 2609 1394 2678 ποίντας
1414 2606 1549 2685 ἡγεῖσθαι,

981 2707 1058 2772 ἀλλὰ
1079 2715 1136 2784 τοῖς
1164 2713 1213 2785 μὲν
1237 2706 1297 2789 ὡδί,
1325 2714 1381 2782 τοῖς
1409 2710 1433 2769 δ’
1451 2711 1549 2788 ἑτέρως

357 2815 383 2875 σί
399 2816 430 2875 δὲ
447 2816 485 2892 μὴ
500 2816 594 2895 λέγειν
612 2817 749 2876 ἐκέλευον.
981 2817 1070 2876 δοκεῖν
1089 2813 1141 2900 (se.
1155 2817 1209 2895 ὁρῶ
1221 2817 1255 2875 τὰ
1265 2817 1387 2895 παρόντα
1401 2817 1551 2893 πράγματα

978 2921 1088 2995 πολλὴν
1105 2920 1250 2980 δυσκολίαν
1267 2916 1391 3002 ἔχοντα).

1044 3074 1085 3111 or.
1103 3055 1129 3108 V
1147 3059 1164 3112 9
1189 3053 1220 3109 ἂν
1237 3050 1390 3124 ἐθελήσητε
1404 3052 1450 3108 τοῦ
1467 3049 1547 3127 θορυ-

980 3154 1036 3228 βεῖν
1047 3153 1092 3213 καί
1110 3155 1271 3234 φιλονεικεῖν
1286 3153 1450 3224 ἀποστάντες
1462 3152 1547 3211 ἀκοθ-

422 3073 465 3130 pr.
482 3058 529 3124 12,
547 3073 559 3110 ν
574 3049 620 3109 καί
633 3051 736 3128 αθτοθς,
753 3053 843 3129 ὥσπερ
859 3051 925 3132 ὑπὲρ

357 3155 467 3225 πόλεως
482 3156 613 3234 προσήκει
629 3155 854 3233 βουλευομένους,
876 3157 925 3227 τὰς

357 3257 426 3329 ἰδίας
442 3259 591 3329 ἀνελόντας
611 3257 777 3337 φιλονεικίας
797 3261 827 3318 το
847 3266 924 3342 κοινῇ
950 3268 952 3353 ρ
979 3279 1027 3337 ειν,
1052 3261 1090 3330 ὡς
1112 3259 1179 3336 ὑπὲρ
1202 3259 1313 3329 πόλεως
1337 3257 1547 3332 βουλευομένοις

358 3361 498 3435 βέλτιστον
513 3363 668 3422 σκοπεῖσθαι
691 3363 763 3440 (ὑμῖν
779 3365 923 3444 παραινῶ).
950 3356 952 3367 '
977 3361 1024 3422 καί
1038 3363 1204 3439 τηλικούτων
1220 3368 1389 3441 πραγμάτων
1405 3365 1545 3442 προσήκει.

421 3516 465 3572 pr.
481 3501 529 3567 16,
547 3515 558 3553 1
573 3492 638 3564 ’ίσως
654 3494 705 3568 μὲν
717 3491 762 3553 οὖν
775 3495 837 3553 αὐτο
848 3496 923 3553 τοῦτὲ
1042 3516 1083 3554 or.
1101 3498 1144 3553 VI
1162 3501 1178 3553 9
1197 3517 1237 3573 sq.
1255 3495 1269 3551 ’δ
1285 3491 1332 3551 καὶ
1349 3493 1475 3571 μέγιστον
1491 3492 1545 3550 ἐστι

356 3618 395 3668 τις
411 3601 442 3656 ἂν
458 3600 551 3676 φήσειε
567 3599 693 3675 μέγιστον
710 3599 817 3658 ἔπαινον
834 3600 923 3676 φέρειν
977 3595 1038 3656 καθ’
1048 3599 1121 3672 ὑμῶν
1131 3599 1278 3676 ἐγκώμιον,
1288 3594 1310 3657 ὦ
1320 3598 1345 3656 ι’ί.
1357 3597 1408 3658 Ἀ.·
1421 3597 1546 3676 κέκρισθε

355 3701 498 3782 τῇπόλει,
518 3701 548 3759 τ“ο
569 3702 688 3777 μηδένας
709 3704 790 3762 ἕνεκα
810 3703 924 3783 κέρδους
976 3698 1030 3781 γὰρ
1046 3703 1079 3761 ἐκ
1097 3703 1196 3761 τούτων
1217 3706 1270 3760 τῶν
1292 3703 1379 3781 ἔργων
1401 3703 1476 3774 μόνοι
1492 3706 1546 3759 τῶν

280 3839 281 3846 1
357 3804 422 3865 ἰδίου
444 3805 566 3876 πολλοὺς
588 3806 725 3878 κινδθνσυς
751 3807 817 3886 ὑπὲρ
845 3808 923 3866 αὐτοθ
976 3808 1083 3865 πάντων
1104 3805 1222 3881 μηδενδς
1238 3807 1270 3863 ἂν
1286 3805 1400 3884 κέρδους
1415 3805 1449 3863 τὰ
1468 3804 1546 3864 κοινὰ

355 3913 400 3969 τοῦ
417 3909 521 3968 δικαίου
537 3911 715 3990 προῃρῆσθαι.
977 3908 1067 3968 δίκαια
1078 3915 1131 3967 τῶν
1144 3910 1290 3983 Ἑλλήνων
1302 3910 1430 3987 προέσθαι
1445 3957 1451 3969 .
1467 3935 1488 3982 .;
1507 3912 1544 3970 ef.

445 4020 449 4029 '
977 4017 1067 4074 etiam
1080 4036 1122 4074 οι.
1134 4021 1161 4087 2,
1175 4036 1200 4073 οι
1213 4012 1296 4072 πόλλ’
1305 4011 1359 4095 ἰδίᾳ
1370 4013 1544 4089 πλεονεκτῆ-

976 4139 1020 4177 σαι
1032 4117 1169 4188 πολλάκις
1181 4118 1241 4190 ὑμῖν
1251 4114 1311 4188 ἐξδν
1321 4116 1544 4192 οθκήθελήσατε,

977 4222 1044 4281 ἀλλ’
1053 4223 1086 4280 ἵν’
1096 4222 1120 4282 οἱ
1137 4222 1218 4281 ἀλλοι
1239 4222 1338 4299 τθχωοι
1353 4226 1406 4279 τῶν
1423 4220 1543 4298 δικαίων,

975 4326 1009 4384 τὰ
1034 4325 1141 4404 ὑμέτερ’
1153 4325 1239 4384 αὐτῶν
1263 4324 1424 4400 ἀνηλίσκετε
1451 4373 1457 4384 .
1484 4373 1490 4386 .
1515 4333 1545 4383 et

976 4452 1018 4490 or.
1041 4437 1068 4502 8,
1091 4452 1117 4489 κν
1139 4433 1287 4509 huiusque
1310 4432 1366 4489 loei
1390 4438 1543 4489 centonem

975 4529 1085 4619 [Dm]
1101 4556 1142 4594 ον.
1162 4540 1209 4608 10,
1227 4557 1260 4593 ιι.

460 4761 479 4824 ¹)
497 4761 539 4808 Ex
560 4759 649 4808 Wolfii
667 4761 685 4821 †
703 4761 870 4821 0011ieetnra3
889 4759 950 4808 libri
969 4756 1021 4807 κατ’
1033 4753 1099 4809 αὐτὸ.
