3530 5536
857 516 1064 570 ..26-

369 699 417 758 ότι.
432 735 472 742 -
485 721 527 778 pr.
543 706 570 772 9,
588 699 659 773 οτίην
672 699 724 758 dnh
735 703 789 757 τῶν
802 699 937 778 ῥηθέντων
949 703 994 758 τοῦ
1007 699 1135 758 δύνασθαι
1145 699 1239 778 λέγειν
1253 697 1349 771 δόξανο
1365 723 1409 778 ρο.
1426 707 1452 773 7,
1466 721 1491 760 1:
1508 722 1556 760 ox.

369 823 411 862 or.
421 806 530 862 XIIII.
544 807 589 862 τοῦ
601 803 725 862 δόνασθαι
737 802 831 880 λέγειν
841 799 933 874 δόξαν.
944 839 984 848 --
993 826 1036 882 pr.
1048 811 1097 877 29,
1108 806 1162 864 κᾶν
1170 804 1221 878 μὲν
1229 803 1289 878 ὑμῖν
1299 804 1414 884 ἀρέσκῃς
1426 827 1470 882 ρο.
1482 811 1532 877 33,
1545 825 1558 863 4

366 905 419 964 κᾶν
430 901 542 988 ἀρέσκῃ,
554 907 686 986 χρῆσθαιε
700 930 743 985 ρο.
755 914 805 980 36,
815 929 827 967 a
838 909 890 966 κᾶν
902 907 962 982 ὑμῖν
974 907 1087 990 ἀρέσκῃ,
1099 908 1248 987 χρήσασθε.
1257 943 1300 952 -
1308 930 1352 986 ρο.
1362 914 1412 981 40,
1425 929 1438 968 a
1449 911 1494 966 τοῦ
1506 904 1559 982 μὲν

367 1007 412 1069 οὖν
428 1012 590 1090 κατηγορεῖν
605 1009 671 1082 ἴσως
686 1012 737 1089 οὺχ
753 1011 767 1070 ό
781 1011 875 1090 παρὼν
890 1011 998 1091 καιρόςτ
1014 1034 1058 1090 ρο.
1073 1018 1122 1084 30,
1140 1033 1152 1072 a
1167 1015 1212 1071 τοῦ
1225 1011 1275 1086 μὲν
1287 1013 1449 1090 κατηγορεῖν
1461 1009 1560 1070 οθδένα

366 1114 460 1195 καιρόν
472 1114 535 1194 όρῶ.
548 1149 592 1160 -
604 1137 648 1193 ρο.
663 1121 713 1189 30,
726 1138 738 1176 a
752 1114 845 1175 ἐπειδίο
859 1113 890 1174 δὲ
901 1114 995 1191 τὰμὲν
1008 1115 1209 1195 παρεληλυθότ’
1219 1116 1268 1175 oba
1278 1118 1311 1174 ἅν
1323 1113 1421 1187 άλλως
1433 1115 1503 1196 έχοι,
1516 1115 1559 1175 δεῖ

367 1218 405 1278 δ’.
424 1264 432 1279 .
445 1239 453 1278 t
469 1241 513 1298 pr.
527 1225 577 1292 41,
591 1242 603 1279 a
620 1218 714 1294 ἐπειδὴ
727 1219 759 1278 δέ
774 1223 857 1279 ταῦτα
870 1218 920 1293 μὲν
933 1220 981 1279 οδκ
993 1219 1026 1279 διν
1039 1217 1136 1288 άλλως
1149 1219 1218 1296 ἔχοι,
1236 1217 1277 1278 δεῖ
1290 1217 1331 1280 δ’.
1349 1267 1356 1280 .
1370 1255 1410 1264 -
1423 1242 1467 1298 ρο.
1482 1227 1559 1294 29,τ

365 1325 553 1403 παρασχόντες
575 1322 648 1395 ίσους
670 1323 806 1403 ἀκροατὰς
827 1369 834 1382 .
858 1372 864 1385 .
885 1324 955 1398 ὑμᾶς
978 1324 1086 1395 atnoe
1110 1346 1155 1402 pr.
1173 1330 1223 1397 34,
1240 1345 1252 1384 a
1273 1324 1464 1405 παρασχόντες
1485 1323 1558 1396 ἰ’σους

366 1426 502 1506 ἀκροατὰς
519 1474 525 1487 .
544 1475 550 1487 .
567 1427 637 1503 ὑμᾶς
653 1428 757 1499 αίιτοθς.
778 1463 821 1472 -
842 1450 886 1507 pr.
905 1434 961 1501 3,1
984 1430 1114 1507 προσήκει
1135 1429 1266 1506 παρέχειν
1288 1427 1433 1498 ἐθέλοντας
1449 1428 1558 1488 ἀκούειν

365 1531 435 1605 ὑμᾶς
454 1531 563 1604 αθτοόςι
583 1555 627 1611 ρο.
646 1540 696 1605 49,
717 1555 729 1592 1
751 1532 794 1591 δεῖ
815 1533 908 1608 μέντοι
925 1533 1010 1612 τούτῳ
1032 1534 1170 1612 προσεῖναι
1187 1531 1334 1603 ἐθέλοντας
1349 1532 1455 1592 ἀκούειν
1471 1532 1556 1613 ὑμᾶς,

365 1657 410 1713 ρο.
429 1641 456 1709 5,
475 1659 487 1696 a
507 1635 620 1712 δι’ὑμαῖς
639 1638 688 1697 oba
711 1636 856 1708 ἐθέλοντας
880 1636 1000 1696 ἀκούεινι
1023 1659 1067 1716 ρο.
1088 1643 1136 1710 10,
1153 1658 1166 1696 a
1188 1639 1221 1695 dr
1241 1637 1291 1712 μὲν
1311 1637 1350 1712 μὴ
1370 1637 1555 1711 θελήσητε..

365 1738 491 1800 ἀκοῦσαιε
507 1763 551 1818 ρο.
566 1747 615 1813 34,
629 1763 640 1800 1
656 1743 689 1800 ἂν
704 1738 790 1801 τοίνυν
808 1789 814 1802 .
829 1741 887 1817 ,μὴ
904 1741 1168 1814 θελήσητ’ἀκοῦσαι;
1183 1764 1227 1820 ρο.
1242 1747 1292 1814 36,
1306 1763 1317 1801 1
1332 1740 1407 1820 παρὰ
1421 1741 1451 1800 τδ
1466 1788 1472 1803 .
1488 1789 1494 1802 .
1508 1741 1557 1802 οθκ

365 1843 472 1903 ἐθέλειν
488 1843 607 1905 ἀκοθειντ
625 1867 668 1923 ρο.
683 1852 733 1917 38,
750 1867 762 1906 a
779 1844 811 1904 ἐκ
826 1847 872 1905 τοῦ
887 1845 925 1920 μὴ
944 1843 1050 1904 ἐθέλειν
1066 1844 1187 1905 ἀκοίειντ
1205 1867 1248 1924 ρο.
1262 1851 1312 1919 44,
1329 1867 1341 1905 a
1357 1846 1395 1920 μὴ
1411 1846 1503 1906 θέλειν
1519 1845 1556 1904 ά-

364 1947 467 2008 κοόεινι
480 1970 524 2027 ρο.
538 1955 577 2009 47
582 1997 588 2022 ,
606 1970 618 2009 a
634 1947 696 2024 μηδ’
708 1948 813 2009 ἐθέλειν
828 1994 835 2010 .
850 1995 856 2008 .
871 1948 992 2008 ἀκοίεινο
1009 1972 1053 2028 ρο.
1068 1956 1118 2023 26,
1135 1971 1147 2009 1
1164 1949 1270 2008 ἐθέλειν
1282 1948 1405 2010 άκοόεινε
1421 1972 1465 2028 ρο.
1480 1957 1531 2024 49,
1544 1974 1557 2012 a

365 2051 501 2126 βούλησθε
522 2099 528 2112 .
552 2100 558 2113 .
579 2053 701 2112 eaedem:
722 2076 765 2132 pr.
785 2059 834 2127 56,
857 2075 868 2112 1
892 2053 930 2129 μὴ
952 2052 1137 2128 βουλομένους
1157 2052 1274 2114 άκοόειν.
1292 2088 1335 2096 -
1351 2075 1393 2132 ρο.
1414 2061 1483 2127 1,ae
1506 2077 1555 2116 ex.

364 2177 406 2216 or.
419 2160 528 2218 XIIII.
543 2159 580 2228 ὡς
597 2158 654 2234 έχω
671 2151 798 2236 γνιθμηςτ
815 2181 859 2236 ρο.
876 2164 924 2231 18,
938 2180 950 2218 a
966 2158 1005 2228 ὡς
1021 2159 1135 2228 ἕκαστος
1152 2157 1210 2234 ἔχει
1225 2150 1347 2234 γνώμης.
1364 2192 1407 2201 -
1422 2181 1466 2237 ρο.
1481 2165 1531 2234 31,
1545 2183 1557 2220 a

363 2260 424 2332 τοὺς
439 2263 457 2335 ἡ
472 2260 667 2340 φιλονεικίαςῆ
681 2259 810 2341 ἐπηρείας
821 2261 839 2336 ἤ
852 2281 923 2333 τινος
935 2259 1028 2337 άλλης
1040 2261 1112 2320 ἕνεκ’
1123 2255 1210 2332 αἰτίας
1226 2261 1300 2321 ἀλλο
1312 2282 1346 2341 τι,
1362 2261 1435 2337 πλὴν
1453 2310 1459 2323 .
1478 2309 1484 2321 .
1501 2262 1555 2322 λέ-

364 2385 479 2443 γονταςε
496 2388 540 2444 pr.
556 2373 629 2439 12,1
644 2365 680 2424 τὰ
695 2365 745 2440 μὲν
760 2366 828 2445 πρδς
841 2365 980 2445 ἐπήρειαν,
996 2365 1030 2425 τὰ
1042 2365 1074 2425 δὲ
1084 2367 1152 2446 πρός
1163 2363 1330 2444 φιλονεικίαν
1341 2366 1363 2439 ¹)
1377 2365 1554 2447 δημηγορεῖν.

363 2505 405 2513 -
428 2493 472 2548 ρο.
492 2478 569 2544 17,1
592 2467 654 2550 περὶ
674 2471 760 2529 αίντιῖνν
781 2463 819 2529 ὧν
840 2471 978 2530 σκοπεῖτεε
1003 2492 1047 2548 ρο.
1066 2475 1116 2543 56,
1133 2492 1146 2530 a
1167 2467 1228 2551 περὶ
1248 2469 1335 2528 αὑτῶν
1355 2463 1392 2529 ιῖιν
1414 2474 1554 2532 σκοπεῖτε;

363 2596 406 2652 ρο.
426 2582 475 2648 29,
492 2572 579 2655 οπερί
596 2568 633 2633 dra
650 2574 806 2634 menstede:
830 2597 873 2653 ρο.
892 2581 942 2648 20,
960 2596 972 2634 a
991 2571 1052 2654 περὶ
1069 2567 1106 2634 ὧν
1122 2571 1177 2632 νυνί
1193 2576 1332 2633 σκοπεῖτεε
1356 2597 1401 2654 ρο.
1416 2582 1444 2648 3,
1462 2599 1474 2636 1
1493 2574 1556 2657 περὶ

364 2673 401 2737 ὧν
419 2677 473 2738 νυνί
488 2680 638 2757 τυγχάνετε
654 2673 862 2761 σκοποῦντεςτῖ)
883 2701 927 2757 ρο.
942 2685 991 2752 26,
1009 2700 1020 2738 r
1036 2675 1097 2758 περί
1113 2672 1150 2737 ὧν
1166 2675 1221 2736 νυνί
1235 2680 1385 2758 τυγχάνετε
1401 2679 1554 2756 ἐκκλησιά-

364 2784 464 2854 ζοντες.
474 2779 498 2865 ³)

364 2897 570 2905 ———

468 2955 487 3019 ¹)
507 2951 652 3018 φιλονεικίαν
676 2957 705 3004 in
728 2952 810 3021 φιλίαν
832 2956 925 3005 invitis
948 2955 1023 3005 libris
1045 2957 1143 3005 mutari
1161 2955 1248 3004 voluit
1267 2955 1402 3019 Sohaefer,
1423 2957 1495 3022 quod
1516 2959 1556 3008 ita

362 3041 486 3107 probavit
503 3041 626 3105 Dindorf,
650 3047 680 3090 ut
699 3038 780 3108 φιλίαν
798 3057 928 3106 reponere
946 3042 1018 3091 haud
1037 3042 1179 3092 dubitaret.
1204 3042 1251 3091 sed
1268 3042 1337 3092 alter
1355 3043 1431 3092 loeus
1443 3043 1554 3094 alterius

363 3129 531 3192 auctoritate,
550 3129 573 3177 si
591 3129 655 3193 quid
674 3129 761 3192 video,
780 3130 845 3178 eatis
863 3128 1043 3192 confirmatur,
1062 3131 1101 3178 ita
1119 3135 1149 3178 ut
1162 3130 1187 3178 ei
1199 3131 1253 3178 vim
1266 3130 1357 3180 inferri
1370 3146 1424 3180 non
1436 3133 1554 3196 patiaris.

467 3215 487 3280 ²)
506 3215 633 3265 Variatur
651 3215 735 3265 oratio
754 3213 868 3283 τυγχάνω
881 3215 963 3266 verbo
976 3218 1076 3266 inserto
1089 3230 1175 3280 aeque
1187 3230 1219 3266 ac
1232 3232 1311 3281 supra
1324 3211 1339 3264 δ
1350 3213 1469 3274 πεπεικὼς
1483 3214 1555 3285 ἐμαυ-

362 3297 534 3370 τόντυγχάνω
555 3301 603 3368 (ρο.
622 3304 664 3364 50,
684 3302 705 3366 1)
726 3304 854 3352 sermonis
878 3302 1060 3368 distinguendi
1079 3318 1160 3353 eausa
1179 3303 1280 3352 dictum
1298 3304 1422 3369 vidimus,
1445 3321 1506 3354 oum
1525 3307 1554 3354 in

362 3406 399 3455 pr.
419 3391 461 3456 33,
479 3407 490 3438 ι
509 3390 616 3455 legatur
635 3386 650 3437 οἳ
666 3386 757 3438 πέπεικ’
768 3385 879 3456 ἐμαυτόν.
903 3390 990 3439 simile
1013 3389 1115 3456 aliquid
1134 3391 1215 3439 etIam
1234 3390 1303 3439 infra
1321 3396 1472 3457 tangemus.
1496 3393 1553 3442 lon·

362 3479 422 3542 gius
439 3482 529 3526 autem
548 3477 649 3526 recedit
666 3493 704 3542 pr.
724 3478 765 3540 38,
785 3493 795 3525 r
814 3474 868 3542 περὶ
887 3467 921 3524 ὧν
940 3475 980 3525 δεῖ
995 3475 1099 3525 σκοπεῖν.

466 3563 486 3630 ³)
506 3565 637 3626 Quoniam
657 3579 791 3629 exponere
804 3565 948 3629 coepimus,
969 3579 1047 3629 quem
1060 3565 1090 3612 in
1102 3564 1210 3614 modurn
1223 3566 1252 3614 in
1264 3567 1407 3629 prooemiis
1419 3581 1461 3615 res
1473 3566 1554 3632 signi-

361 3651 482 3714 ficentur,
501 3651 534 3701 de
552 3651 650 3716 quibus
663 3651 865 3700 deliberandum
885 3656 933 3712 est,
952 3651 979 3699 id
991 3652 1044 3699 tarn
1057 3651 1083 3700 h.
1096 3650 1114 3699 l.
1128 3651 1306 3701 absolvamus.
1325 3651 1451 3701 dicuntur
1462 3659 1553 3703 autem

361 3753 403 3788 res
422 3753 490 3803 quae
510 3737 609 3787 cadunt
633 3739 661 3786 in
679 3737 901 3786 deliberationem
920 3737 976 3787 fere
994 3737 1023 3786 τὰ
1042 3734 1156 3803 παρόντα.
1179 3739 1271 3802 itaque
1289 3738 1372 3788 hahes
1390 3755 1427 3804 pr.
1442 3741 1508 3800 20,a
1527 3745 1554 3790 et

364 3827 427 3886 l4,r
447 3819 477 3872 τὰ
495 3821 601 3891 παρόντα
625 3822 761 3889 (observes
779 3839 879 3890 quaeso
898 3826 979 3874 etiam
998 3824 1201 3874 similitudinem
1219 3825 1315 3875 horum
1333 3826 1454 3876 locorum
1472 3826 1554 3877 latius

363 3917 500 3977 patentem
514 3909 592 3960 -δι’
612 3901 645 3959 ὧν
665 3908 692 3958 ἂν
711 3908 740 3960 τὰ
758 3908 867 3977 παρόντα
884 3908 1014 3978 πράγματα
1032 3908 1123 3976 βελτίω
1142 3909 1235 3979 γένοιτο
1253 3911 1306 3975 hie,
1324 3911 1382 3961 illie
1401 3907 1441 3979 ἀφ’
1452 3903 1480 3961 τίν
1498 3911 1554 3979 βελ-

361 3997 407 4048 τίω
426 3995 454 4047 τὰ
472 3996 579 4062 παρόντα
597 3996 686 4065 γένοιτ’
695 3991 723 4046 ἄν
741 3998 869 4064 leguntur
888 4004 961 4048 -et
979 4000 1082 4064 respice
1101 4014 1137 4047 or.
1151 3999 1203 4048 V3
1224 3995 1405 4064 supputetur,
1425 3997 1457 4048 δι’
1468 3989 1502 4049 ὧν
1514 3999 1554 4049 καί

362 4081 392 4134 τὰ
413 4082 511 4151 παρόντ’
527 4080 593 4134 ἔσται
617 4082 707 4150 βελτίω
731 4123 737 4138 ,
762 4122 768 4134 .
794 4084 825 4149 .);
849 4085 948 4150 legitur
972 4085 1068 4134 deinde
1091 4081 1121 4135 τὰ
1143 4083 1250 4152 παρόντα
1272 4102 1310 4151 pr.
1330 4088 1354 4147 1,
1377 4103 1389 4134 a
1413 4092 1440 4136 et
1464 4089 1506 4150 41,
1529 4105 1554 4151 a;

361 4171 481 4240 περὶτῶν
499 4169 625 4240 παρόντων
644 4190 682 4239 pr.
697 4175 737 4236 11,
757 4191 767 4222 1
786 4173 820 4223 ib.
840 4175 882 4235 §2
902 4174 955 4235 bis3
976 4175 1016 4238 18,
1035 4191 1060 4237 23
1085 4175 1127 4236 20,
1147 4191 1171 4236 13
1192 4175 1231 4235 15,
1252 4189 1261 4222 1
1280 4173 1316 4236 (h.
1335 4173 1353 4223 l.
1372 4175 1477 4224 aceedit
1494 4192 1553 4242 πρα-

362 4259 486 4328 γμάτων);
504 4259 559 4326 περὶ
577 4257 654 4310 αὐτῶν
673 4265 721 4309 τῶν
741 4257 867 4325 παρόντων
886 4258 973 4325 (euius
992 4260 1084 4310 eadem
1104 4262 1171 4310 ratio
1191 4266 1231 4310 est
1248 4261 1354 4310 conlato
1372 4259 1426 4327 περὶ
1444 4261 1492 4310 τῶν
1509 4278 1554 4311 πα-

362 4346 454 4414 ρόντων
472 4364 504 4398 ao
523 4363 602 4413 supra
620 4348 761 4398 verborum
780 4344 834 4413 περὶ
853 4343 932 4396 αὐτῶν
951 4338 985 4395 ὧν
1004 4346 1113 4396 σκοπεῖτε
1132 4349 1292 4412 comparatis
1309 4346 1363 4414 περὶ
1382 4337 1416 4396 ὧν
1435 4348 1554 4416 σκοπεῖτε)

361 4452 400 4501 ρο.
415 4437 455 4498 15,
468 4451 492 4498 a;
511 4431 569 4501 ὑπὲρ
587 4435 635 4484 τῶν
648 4431 774 4501 παρόντων
793 4450 833 4498 pr.
845 4435 870 4497 6,
884 4451 894 4482 1
914 4439 941 4484 et
953 4436 995 4494 31,
1008 4450 1032 4494 a;
1053 4431 1077 4482 ἐκ
1090 4435 1138 4483 τῶν
1151 4432 1277 4500 παρόντων
1295 4451 1334 4500 pr.
1347 4436 1389 4498 30,
1402 4451 1414 4483 a
1432 4440 1460 4484 et
1472 4436 1514 4498 38,
1527 4453 1553 4497 a,

361 4523 477 4587 deniquo
489 4519 548 4588 πρὸς
562 4517 604 4589 μέν
617 4519 646 4570 τὰ
658 4519 764 4587 παρόντα
775 4522 866 4586 ρο.“39,
883 4538 901 4570 ι.
915 4521 1008 4570 eadem
1021 4526 1112 4571 autem
1124 4535 1213 4570 rerum
1225 4522 1406 4586 praesentium
1419 4535 1554 4585 earumve,

362 4609 395 4658 de
413 4609 510 4674 quibus
529 4608 730 4658 deliberandum
750 4613 798 4670 est,
822 4606 1018 4672 significatione
1035 4602 1065 4656 τδι
1082 4605 1189 4674 παρόντα
1208 4613 1234 4657 et
1251 4601 1281 4656 τδι
1299 4604 1407 4674 παρόντα
1424 4605 1554 4675 πράγματα

362 4697 483 4760 usurpari
497 4697 524 4744 in
537 4695 726 4745 Demosthenis
740 4695 905 4744 orationibus
919 4709 998 4744 nemo
1011 4696 1105 4744 nescit.
1119 4723 1150 4730 -
1164 4694 1362 4758 bisadiungam
1375 4700 1553 4760 tempusque

363 4780 536 4844 deliberatur,
555 4782 668 4832 indicari
686 4783 774 4832 verbis
793 4779 816 4830 ἐν
835 4784 870 4849 τῷ
888 4779 994 4848 παρόντι,
1018 4796 1088 4847 qnae
1105 4781 1228 4831 invenies
1246 4797 1283 4848 pr.
1297 4783 1321 4844 6,
1334 4798 1358 4844 23
1377 4784 1419 4844 21,
1432 4799 1455 4844 ο;
1474 4783 1516 4843 29,
1528 4798 1553 4845 ος
