3530 5536
765 499 1002 556 —101-

393 690 540 766 Denique,
557 695 590 747 ut
606 689 876 766 eretpropositum,
894 689 986 746 decis
1001 688 1198 747 locutionibus
1214 689 1338 760 dicatur,
1355 710 1480 767 quarum

291 795 447 853 insolentia
462 816 495 853 ee
511 796 642 853 novitate
658 795 777 869 gravius
793 813 1024 854 commovemur:
1046 815 1090 870 pr.
1109 797 1159 864 55,
1176 795 1253 871 quod
1270 799 1389 870 propter
1403 797 1479 852 eolo·

290 920 352 956 rem
375 900 515 958 erationis
537 904 573 957 ab
598 900 704 958 illustri
729 904 844 958 oratore
867 899 998 957 alienum
1018 899 1226 957 Demosthenis
1249 920 1306 957 non
1327 920 1389 957 csse
1410 900 1480 959 olim

292 1005 435 1062 iudicavit
450 1006 591 1062 Sehacfer
605 1025 638 1062 ec
654 1024 749 1080 nuper
761 1003 840 1061 Wcil
860 1004 1021 1080 appellavit
1037 1004 1239 1064 dvidcmment
1253 1005 1480 1080 pseudo-demo·

291 1105 491 1190 sthenique1),
509 1109 525 1186 §
541 1115 559 1168 4
575 1111 670 1186 χώραν
687 1107 712 1166 δ’
725 1107 870 1166 ἀτέλεστον
887 1107 994 1184 ἔχουσιν
1011 1105 1085 1166 αὐτοὶ
1100 1107 1300 1182 τετελεσμένον.
1330 1110 1381 1187 qui
1401 1112 1480 1168 loeus

290 1215 568 1292 obscuritate-quasi
588 1215 737 1275 involutus
757 1234 774 1272 a
794 1216 961 1272 nullodum
975 1215 1041 1274 viro
1062 1216 1157 1286 docto,
1179 1221 1321 1292 quantum
1341 1215 1411 1272 satis
1431 1215 1479 1286 sit,

290 1320 452 1378 illustratus
472 1326 524 1378 est.
557 1340 592 1377 ee
611 1325 711 1395 autem
731 1340 806 1397 quac
828 1319 858 1376 in
879 1319 977 1378 indice
998 1320 1100 1378 Graec.
1122 1322 1275 1378 Demosth.
1296 1341 1318 1378 s.
1339 1341 1368 1379 v.
1390 1318 1480 1377 τελεῖν

290 1447 318 1501 p.
336 1430 397 1484 492
419 1431 607 1483 enarrantur:
630 1423 732 1502 “χὼροιν
754 1421 900 1482 ἀτέλεστον
922 1423 1028 1500 ἔχουσιν
1045 1419 1327 1496 ecclessiasticam
1347 1424 1481 1500 obgleioh

291 1531 356 1588 ihre
371 1532 498 1588 Paehter
513 1530 604 1588 ihncn
620 1531 698 1590 wohl
713 1531 771 1587 den
786 1532 881 1614 Peeht
895 1531 1050 1607 piinhtlich
1067 1533 1207 1606 abtragen
1223 1535 1349 1601 mussen,
1370 1549 1400 1586 so
1416 1534 1480 1587 ent·

290 1634 406 1693 riehten
426 1635 468 1692 sie
489 1637 564 1692 doch
584 1635 672 1692 keine
692 1635 818 1693 Steuern
838 1635 898 1693 und
920 1635 1021 1693 Gaben
1041 1633 1146 1704 dauon'
1166 1637 1202 1692 ad
1223 1637 1319 1693 locum
1338 1633 1482 1711 prooemii

206 1765 207 1768 ¹
290 1741 382 1796 relata
402 1760 488 1797 sensu
508 1759 607 1798 carere
622 1760 708 1797 nemo
724 1760 782 1797 non
797 1739 891 1798 videt.
922 1743 1094 1817 plerumque
1109 1740 1159 1798 hic
1174 1743 1254 1798 locus
1270 1745 1301 1798 et
1317 1735 1369 1819 [or.
1389 1735 1439 1819 13]
1457 1757 1482 1796 ιν

289 1838 484 1923 τελεοθῇναιέ)
509 1843 659 1922 στρατηγὸς
675 1843 789 1913 ἕκαστος
805 1842 972 1920 σπουδάζων,
996 1843 1045 1902 σὐκ
1060 1843 1158 1922 ἀνδρὸς
1182 1843 1262 1922 ἔργον
1282 1840 1359 1902 οὒδὲν
1381 1837 1482 1920 πρᾶξαι

291 1929 395 2007 conexi
408 1955 441 2008 ,et
456 1950 518 2026 epti
534 1970 596 2008 esse
611 1951 691 2008 inter
701 1970 731 2007 se
744 1950 892 2007 dicuntur.
917 1952 995 2027 quod
1008 1970 1065 2028 quo
1078 1951 1143 2008 iure
1156 1955 1303 2009 statuatur
1314 1951 1375 2027 ipse
1387 1949 1480 2007 vides.

293 2087 333 2094 —
349 2075 393 2130 pr.
413 2059 462 2125 28,
484 2074 497 2112 a
516 2051 626 2111 zaec'e
646 2051 732 2134 ἡδονῇ
753 2053 878 2131 πρέπειν
900 2052 955 2111 ’ὄνθ’
964 2053 1024 2128 ὑμῖν
1046 2049 1097 2136 (se.
1116 2053 1206 2128 ἡδέως
1226 2050 1332 2134 ἑώρων)
1353 2054 1437 2111 Wolf
1454 2049 1482 2108 ἐν

290 2156 376 2236 ἡδονῇ
392 2156 446 2216 ’ὄνθ’
462 2159 542 2216 idem
558 2179 620 2216 esse
635 2160 698 2216 volt
712 2163 802 2236 atque
817 2157 889 2231 ἡδέα
904 2151 973 2216 εἶναι
989 2158 1061 2218 ‘esse
1077 2159 1244 2237 voluptati',
1266 2179 1342 2237 quae
1358 2159 1450 2217 dictio
1466 2179 1483 2216 a

290 2265 491 2322 Demosthene
519 2264 616 2321 aliena
645 2268 698 2320 est.
744 2265 878 2322 conferas
909 2270 1009 2323 contra
1039 2271 1227 2342 personatum
1253 2265 1482 2322 Demosthenem

293 2364 343 2447 [or.
363 2364 425 2447 60],
449 2388 474 2426 so
498 2362 612 2434 ἐκείνοις
627 2365 699 2424 ταῦτ’
709 2367 741 2423 ἂν
758 2365 800 2441 εἴη
818 2366 927 2441 μάλιστ’
938 2366 965 2425 ἐν
982 2369 1076 2446 κόσμῳ
1091 2365 1138 2427 καὶ
1157 2372 1221 2448 τιμῇ
1245 2375 1275 2427 et
1300 2365 1351 2448 [or.
1371 2363 1433 2446 26],
1458 2386 1483 2425 19

293 2468 315 2528 εἰ
339 2470 364 2529 δ’
377 2467 422 2530 οὖν
445 2490 494 2529 τινι
516 2469 587 2529 τοῦθ’
600 2471 683 2545 ὑμῶν,
698 2469 727 2528 ἐν
750 2469 836 2552 ἡδονῇ
859 2471 1043 2547 συμβέβηκεν.
1067 2507 1108 2516 -
1132 2495 1176 2551 pr.
1201 2479 1229 2544 4,
1254 2495 1265 2532 1
1289 2471 1359 2546 μετὰ
1380 2473 1482 2545 κόσμου

293 2572 416 2658 (Reiske
431 2575 611 2649 κοσμιότητος
628 2570 854 2658 interpretatur)
875 2573 922 2634 νιαὶ
938 2583 1016 2654 σιγῇς
1032 2575 1154 2635 ἁνιοῡσοιι.
1171 2612 1210 2622 -
1227 2599 1271 2655 pr.
1290 2582 1340 2648 55,
1358 2598 1373 2666 ¹a
1393 2576 1483 2654 ὅραμα

291 2681 360 2740 τοῦτ’
373 2680 517 2740 ἐποιεῖτοὸ
532 2681 620 2755 δῆμος
640 2680 719 2739 αὑτοῦ
739 2678 826 2739 καλὸν
843 2726 849 2740 .
869 2726 875 2739 .
892 2678 940 2740 καὶ
959 2681 1113 2753 λυσιτελές.
1136 2715 1170 2726 -
1194 2704 1238 2760 pr.
1256 2688 1305 2754 34,
1326 2704 1338 2742 a
1358 2687 1411 2739 τῶν
1431 2678 1482 2757 aph

291 2785 355 2845 ὁδοῦ
374 2807 397 2844 τι
417 2785 568 2865 περαίνοιτε
589 2781 687 2869 (Wolf
701 2784 745 2843 ‘sd
763 2786 814 2865 προ
835 2785 898 2844 ὁδοῦ
918 2794 986 2846 sunt
1006 2786 1039 2844 τὰ
1059 2786 1262 2865 λυσιτελοῦντα,
1283 2807 1412 2866 eaquae
1432 2788 1482 2844 ad·
1561 2842 1564 2848 .

291 2893 396 2953 iuvant
411 2898 442 2950 et
462 2892 628 2968 expediunt
643 2886 741 2973 rem').
760 2925 800 2934 -
821 2913 865 2969 pr.
884 2897 933 2964 55,
951 2913 963 2951 a
979 2891 1049 2950 οἵτε
1064 2890 1117 2970 γὰρ
1133 2894 1255 2969 συνεχεῖς
1271 2890 1329 2950 οἵδε
1344 2891 1483 2970 παραζευ-

291 2995 417 3074 γνυμενοι
430 2995 527 3074 epieto:
539 2999 619 3055 locus
632 2997 887 3073 impeditissimus.
896 3030 938 3039 -
946 3018 990 3074 pr.
1003 3003 1052 3069 25,
1063 3018 1075 3056 a
1087 3002 1136 3070 τῇς
1148 2995 1179 3056 δὲ
1190 2997 1275 3073 τύχης
1286 2998 1483 3074 προσυποσχεῖν

292 3096 417 3184 (Reiske
433 3102 482 3160 ‘so
498 3099 584 3177 λόγον
600 3101 692 3159 etiam
707 3121 789 3159 casus
805 3103 942 3160 fortuitos
963 3109 1111 3178 praestare
1132 3105 1207 3161 auch
1222 3104 1279 3160 mit
1297 3104 1347 3160 fur
1361 3103 1411 3160 die
1426 3103 1482 3160 Zu-

290 3207 361 3264 fa'lle
384 3200 527 3287 stehen');
552 3207 590 3264 ef,
611 3206 684 3264 ibid.
705 3207 754 3278 τῇς
777 3204 856 3263 αὑτοῦ
880 3204 999 3278 διοινοίοις
1022 3206 1106 3284 λέγον
1128 3206 1248 3282 ὑπέχειν.
1268 3240 1312 3250 --
1332 3228 1375 3284 pr.
1400 3212 1449 3276 21,
1472 3226 1482 3263 1

292 3307 388 3384 μηδενὶ
409 3309 678 3387 συμπολιτευόμενοι,
699 3312 776 3387 quod
794 3312 935 3369 Sohaefer
955 3311 1170 3388 interpretatur
1186 3311 1308 3370 ‘nemini
1328 3314 1381 3368 τῶν
1400 3309 1483 3368 πολι-

291 3414 441 3487 τευομένων
457 3412 674 3474 auscultantes’.
691 3447 734 3456 -
749 3435 792 3491 pr.
813 3405 866 3486 50,
884 3435 896 3473 a
917 3413 966 3491 ἔφη
984 3409 1037 3496 (sc.
1055 3411 1235 3496 Iphicrates)
1254 3414 1311 3474 δεῖν
1328 3414 1396 3474 otto
1413 3433 1483 3492 προ-

292 3517 422 3595 αιρεῖσθαι
434 3517 594 3576 κινδυνεύειν
604 3516 649 3576 τ“ον
662 3517 822 3596 στρατηγόν,
839 3519 912 3587 ὅπως
925 3517 963 3592 μὴ
975 3517 1009 3576 τὰ
1021 3521 1040 3592 ἡ
1051 3518 1085 3577 τὰ
1100 3521 1256 3598 γενήσεται,
1274 3519 1342 3578 ἀλλ’
1350 3519 1424 3589 ὅπως
1439 3519 1483 3594 τά,

292 3643 380 3701 quam
401 3624 563 3681 dictionem
585 3642 703 3699 prorsus
727 3623 903 3682 insolentem
926 3624 957 3681 in
973 3625 1144 3684 Atticorum
1165 3625 1282 3702 scriptis
1301 3625 1359 3683 loci
1379 3629 1485 3682 nature

292 3747 432 3786 excusare
456 3729 556 3786 studet
578 3728 726 3785 Scheefer.
767 3733 899 3786 ceterum
922 3729 959 3786 cf.
984 3731 1152 3788 Dobraeum
1176 3731 1253 3789 Λᾶν.
1269 3729 1336 3788 crit.
1354 3730 1396 3800 II,
1424 3732 1483 3786 187

292 3833 338 3890 as.
355 3834 375 3890 1.
393 3852 417 3890 ο.
1056 3815 1057 3818 ‘

395 3937 452 3994 His
471 3935 565 4010 igitur
584 3935 805 4012 circumspectis
824 3939 911 3994 rebus
927 3938 1062 3997 omnibus
1078 3937 1181 3996 mirari
1204 3939 1274 3995 satis
1290 3958 1348 3995 non
1369 3957 1486 4014 possum

291 4041 341 4097 hie
356 4040 431 4098 mihi
448 4059 626 4118 quemquam
642 4040 770 4098 scribere
786 4039 906 4098 ‘nullam
921 4041 1048 4117 reperiri
1065 4042 1094 4098 in
1115 4041 1276 4118 prooemiis
1295 4042 1484 4110 locutionem,

292 4165 367 4222 quae
387 4164 444 4201 non
466 4143 506 4201 sit
525 4149 666 4220 usurpata
685 4145 776 4202 etiam
792 4165 809 4202 a
823 4146 1033 4217 Demosthene,
1055 4147 1168 4203 nullam
1185 4165 1298 4215 vocem,
1320 4166 1408 4223 quam
1428 4165 1485 4202 non

293 4249 383 4324 possis
406 4248 498 4306 etiam
519 4248 657 4308 invenire
678 4248 708 4305 in
729 4249 808 4308 veris
828 4269 860 4308 ao
883 4250 1014 4326 probetis
1034 4251 1142 4308 summi
1163 4251 1342 4308 Graecorum
1363 4249 1486 4308 oratoris

292 4352 484 4422 orationibus,
506 4354 617 4409 nullam
638 4358 823 4421 structuram,
846 4354 976 4431 quaesit
996 4353 1094 4411 aliena
1109 4354 1321 4412 Demosthenis
1336 4352 1484 4412 sermoni’.

398 4610 417 4674 ¹)
436 4611 488 4660 Les
506 4609 657 4675 harangues
675 4610 708 4660 de
727 4608 909 4660 Demosthene
928 4611 969 4660 ed.
989 4614 1013 4674 2,
1032 4628 1056 4676 p.
1077 4613 1128 4660 437
1147 4612 1209 4660 adn.
1228 4613 1252 4660 4.

396 4695 417 4762 ²)
435 4697 505 4747 Vide
528 4696 621 4759 Cobet,
643 4697 719 4747 Misc.
739 4698 795 4746 crit.
819 4714 862 4762 pp.
883 4699 924 4756 64,
947 4698 1007 4760 474,
1030 4698 1077 4747 ubi
1099 4695 1239 4761 τελεσθῆναι
1261 4695 1304 4747 ‘ex
1327 4698 1425 4749 vitiosa
1446 4713 1485 4748 se·

292 4787 416 4850 quietum
436 4780 555 4850 συνηθείᾳ,
576 4785 622 4850 qui
640 4781 718 4833 τελεῖν
737 4799 784 4850 pro
804 4799 896 4834 creare
914 4782 1097 4850 usurpabant,
1116 4789 1209 4833 natum
1228 4798 1287 4834 esse
1305 4784 1410 4834 dieitur.
