3530 5536
486 1430 720 1533 CAPUT
761 1348 1067 1536 PRIMUM.

279 1845 411 1954 Magna
431 1884 475 1938 est
493 1880 572 1938 inter
590 1880 670 1940 viros
691 1881 789 1938 doctos
809 1881 846 1938 de
866 1881 1083 1957 prooemiorum
1107 1883 1138 1939 in
1160 1882 1243 1940 libris
1263 1883 1371 1940 Demo-

181 1984 297 2042 sthenis
318 1984 437 2042 nomine
456 1984 633 2042 traditorum
653 1989 759 2043 natura
781 1983 934 2044 dissensio.
962 2005 1086 2063 quorum
1108 1987 1159 2044 alii
1183 1987 1314 2044 confecta
1337 2006 1371 2045 ea

182 2092 305 2146 censent
319 2109 337 2147 a
350 2090 470 2146 rhetore
486 2107 599 2147 corrasa
614 2109 630 2146 e
646 2089 855 2147 Demosthenis
870 2091 1059 2162 orationibus,
1077 2090 1129 2148 alii
1144 2111 1161 2148 e
1177 2091 1278 2148 multis
1293 2110 1371 2149 nunc

183 2192 349 2268 deperditis
373 2192 554 2251 orationibus
578 2192 772 2268 complurium
795 2198 943 2251 oratorum
961 2193 1130 2252 Atticorum
1153 2195 1291 2266 conflata,
1319 2171 1371 2253 alii

183 2299 330 2374 quaedam
341 2317 358 2355 a
369 2298 569 2355 Demosthene
580 2298 654 2373 ipso,
671 2303 769 2355 cetera
779 2299 816 2356 ab
828 2297 894 2355 aliis
906 2297 1070 2357 oratoribus
1081 2299 1213 2374 profecta
1223 2319 1241 2356 a
1251 2300 1371 2358 rhetore

182 2399 214 2457 in
233 2421 328 2459 unum
347 2421 449 2478 corpus
465 2403 593 2474 confusa,
615 2401 667 2459 alii
684 2401 812 2480 denique
830 2403 978 2474 universa,
998 2408 1033 2460 ut
1047 2422 1124 2461 nunc
1140 2408 1217 2474 sunt,
1238 2403 1296 2480 ipsi
1311 2405 1370 2462 De·

182 2507 330 2565 mostheni
345 2507 502 2565 tribuenda
517 2527 579 2565 esse
594 2507 776 2581 existimant.
793 2507 878 2567 vides
890 2507 950 2566 iam
961 2507 1009 2565 his
1024 2509 1198 2566 coniecturis
1214 2508 1370 2584 propositis

183 2613 279 2668 totum
295 2611 377 2689 quasi
398 2613 497 2669 orbem
519 2613 698 2670 exhaustum
720 2632 792 2684 esse,
816 2613 859 2670 ita
877 2612 992 2670 utiam
1009 2631 1086 2672 nova
1105 2612 1231 2688 suspicio
1251 2613 1369 2670 omnino

182 2715 310 2788 proferri
325 2734 384 2773 non
399 2715 501 2792 possit.
517 2721 648 2774 ceterum
660 2736 725 2774 eam
736 2736 799 2774 rem
810 2716 919 2777 leviter
930 2721 1044 2774 tantum
1060 2716 1223 2790 attigerunt
1238 2715 1372 2794 plerique

182 2819 239 2877 viri
258 2819 346 2891 docti,
363 2819 449 2896 pauci
464 2820 628 2878 accuratius
643 2820 675 2877 in
691 2839 755 2878 eam
771 2820 1000 2899 inquisiverunt.

291 2925 413 2982 Veteres
433 2925 602 3000 scriptores,
626 2925 677 3002 qui
700 2925 843 3002 exemplis
866 2945 905 2982 ex
927 2924 1085 3001 prooemiis
1109 2924 1233 3000 sumptis
1255 2925 1369 3002 aliquid

184 3029 309 3101 probare
331 3029 459 3100 student,
481 3030 562 3087 nulla
581 3028 765 3088 dubitatione
784 3029 959 3106 interposita
974 3030 1205 3087 Demosthenem
1223 3034 1371 3087 auctorem

185 3136 301 3206 putant.
331 3132 431 3210 itaque
455 3134 590 3191 Valerius
613 3135 842 3210 Harpocration,
871 3136 941 3192 dum
964 3135 1010 3193 bis
1033 3135 1169 3209 exempla
1188 3134 1298 3204 adfert,
1322 3134 1370 3191 his

183 3237 284 3294 verbis
295 3237 404 3295 utitur:
418 3235 594 3310 Δημοσθένης
605 3236 756 3314 προοιμίοις
768 3236 964 3314 δημηγορικοῖς
972 3233 996 3318 1)
1010 3243 1041 3296 et
1052 3235 1228 3310 Δημοσθένης
1241 3234 1269 3294 ἐν
1282 3235 1371 3310 δημη-

183 3341 305 3417 γορικοῖς
315 3335 505 3423 προοιμίοιςβ)
518 3342 613 3400 Iulius
625 3343 732 3400 Pollux
744 3344 896 3401 Onom.VI
911 3347 970 3400 143
983 3343 1056 3400 haec
1069 3342 1155 3400 dicit:
1173 3339 1201 3397 ἐν
1214 3339 1304 3414 μέντοι
1315 3339 1371 3408 τοῖς

183 3441 421 3518 συμβουλευτικοῖς
440 3431 589 3522 προοιμίοις
603 3445 659 3514 τοῖς
674 3445 863 3519 Δημοσθένους
879 3445 919 3504 ἰδ
938 3440 1249 3524 ἀπαρασκευαστότερον’
1265 3443 1368 3522 γέγρα-

289 3683 309 3750 ¹)
323 3684 348 3735 S.
363 3701 389 3735 v.
402 3681 475 3752 ἀρχή,
494 3686 541 3735 ubi
554 3686 672 3735 citantur
683 3687 765 3736 verba
777 3681 841 3754 ἀρχὴ
855 3679 931 3751 ἄνδρα
943 3682 1055 3747 δείκνυσι,
1072 3699 1142 3750 quae
1159 3699 1232 3734 nunc
1244 3683 1371 3749 leguntur

185 3785 222 3834 pr.
235 3772 276 3834 48,
287 3774 302 3821 2
317 3770 352 3836 (p.
365 3774 440 3834 1455,
454 3773 486 3820 15
498 3787 537 3836 sq.
550 3769 607 3838 la).

288 3857 309 3924 ²)
323 3859 348 3909 S.
361 3874 386 3908 v.
401 3854 528 3925 ὀρρωδεῖν,
540 3860 588 3909 ubi
600 3853 708 3926 ίρρωδία
720 3861 825 3922 citetur,
843 3859 914 3925 quod
927 3858 1087 3909 vocabulum
1105 3874 1177 3908 nunc
1190 3858 1297 3924 quidem
1310 3874 1370 3907 nus·

185 3958 264 4008 quam
283 3945 312 3992 in
323 3945 467 4010 prooemiis
479 3950 622 4011 comparet.
644 3960 698 4012 qua
710 3946 744 3996 de
756 3961 836 3996 causa
847 3945 971 3996 Valesius
988 3961 1035 4011 pro
1049 3961 1089 4007 eo,
1106 3945 1178 4011 quod
1192 3951 1233 3994 est
1249 3960 1288 4010 pr.
1302 3947 1369 4006 53‚6

185 4029 221 4096 (p.
234 4032 308 4094 1459,
319 4032 363 4097 ⁸26)
381 4027 528 4098 ἀρρωστίας,
545 4033 625 4082 scribi
641 4032 727 4082 voluit
743 4026 876 4099 ὀρρωδίας,
894 4032 965 4097 quod
982 4031 1088 4082 Beklrer
1104 4033 1134 4080 in
1146 4027 1166 4079 Υ
1178 4047 1207 4082 se
1223 4033 1370 4098 repperisse

185 4117 308 4181 adnotat,
327 4133 381 4184 qua
397 4118 430 4168 de
447 4133 477 4168 re
494 4118 561 4167 nihil
578 4119 665 4168 adfert
681 4119 803 4168 Dindorf.
827 4118 928 4169 Valesii
950 4121 1118 4168 coniecturae
1135 4118 1215 4168 fidem
1231 4118 1370 4184 derogavit

187 4203 356 4254 Valckenacr
371 4206 400 4253 in
416 4205 549 4256 animadv.
562 4204 596 4255 ad
607 4205 692 4254 Amm.
703 4221 813 4271 gramm.
823 4205 861 4254 19
875 4205 927 4270 (cd.
940 4220 957 4255 a
969 4205 1001 4255 G.
1011 4205 1045 4254 H.
1058 4205 1201 4255 Schaefero
1214 4221 1268 4254 cur.
1279 4221 1304 4270 p.
1315 4203 1368 4268 29),

185 4289 212 4338 id
230 4290 301 4355 quod
319 4291 443 4355 probavit
460 4290 601 4342 Schaefero
621 4293 658 4342 eis
676 4307 746 4358 quae
764 4298 913 4356 sequuntur
931 4290 1068 4357 vulgatam
1087 4291 1200 4341 stabiliri
1218 4290 1369 4341 adfirmanti

186 4376 263 4442 (App.
277 4378 335 4427 crit.
350 4373 444 4444 [Lond.
460 4377 535 4445 1827]
548 4378 580 4428 V.
594 4395 619 4444 p.
634 4381 683 4428 717
697 4379 731 4429 ad
743 4397 768 4445 p.
784 4381 858 4441 1459,
869 4378 920 4443 27).
939 4379 1022 4429 alium
1034 4384 1125 4429 autem
1138 4378 1227 4429 locum
1239 4377 1281 4427 illi
1292 4392 1368 4426 voca·

185 4463 248 4514 bulo
262 4464 570 4529 quaerensValckenaer
582 4467 732 4532 suspicatus
744 4472 784 4517 est
795 4469 824 4517 in
838 4467 955 4517 eiusdem
968 4467 1097 4533 prooemii
1107 4467 1186 4516 initio
1200 4466 1236 4531 (p.
1244 4462 1369 4528 liesca)

184 4567 231 4616 pro
249 4548 359 4623 λοιδορία
376 4549 415 4600 καὶ
431 4550 526 4620 ταραχή
543 4551 608 4603 olim
623 4552 724 4603 lectum
742 4568 800 4604 esse
817 4549 926 4621 ὀρρωδία
942 4551 983 4603 καὶ
999 4552 1104 4622 ταραχή,
1118 4553 1188 4619 quod
1201 4551 1276 4601 nullo
1290 4550 1368 4600 modo

185 4638 322 4688 concedas.
341 4636 453 4706 λοιδορία
465 4640 537 4690 enim
549 4639 710 4690 vocabulum
723 4641 760 4690 ibi
773 4641 917 4691 desiderari
930 4657 990 4690 oum
1003 4640 1057 4690 alia
1069 4655 1139 4705 quae
1151 4644 1299 4706 sequuntur
1311 4643 1368 4688 tum

185 4726 299 4776 maxime
315 4726 383 4776 haec
401 4727 577 4776 convincunt:
597 4727 839 4795 (p.1458‚2ssqq.)
858 4726 920 4786 ’ίσως
938 4722 985 4796 γὰρ
1004 4723 1065 4796 ὀργῇ
1084 4725 1125 4776 καὶ
1142 4723 1276 4794 φιλονεικίᾳ
1293 4729 1369 4776 ταῦτα

185 4809 315 4878 πράττουσι
328 4807 406 4863 καὶτὸ
421 4811 533 4881 μέγιστον
547 4808 665 4878 ἁπάντων,
678 4809 714 4864 ὅτι
727 4815 843 4883 συμφέρει
856 4816 930 4865 ταῦτα
942 4816 1016 4864 ποιεῖν
1029 4812 1118 4882 αὐτοῖς,
1131 4831 1200 4881 quae
1213 4815 1367 4876 dictasunt,

235 4905 373 4956 Svoboda,
387 4907 419 4947 De
434 4905 543 4948 Demosth.
552 4917 644 4957 prooem.
1199 4906 1211 4954 l
